3008 4976
481 283 510 340 in
528 285 687 342 Messallam
706 286 876 342 Tibulliano.
1209 289 1252 352 41

103 446 291 528 exploratae
318 448 451 513 virtutis
483 450 595 514 cadere
623 450 705 514 mihi
732 450 890 516 videntur.
941 452 1165 518 Pulcherrima
1192 452 1252 518 illa

103 555 221 635 poetae
244 554 345 618 verba
369 578 398 618 v.
424 555 464 620 15
488 559 520 619 et
545 557 599 620 16:

266 658 328 724 Sed
351 662 451 744 patrii
474 667 601 728 servate
625 661 737 727 Lares:
761 664 890 741 aluistis
915 670 948 731 et
972 665 1055 732 idem

318 765 490 833 Cursarem
514 772 640 832 vestros
664 791 736 832 curn
759 773 851 836 tener
874 776 950 837 ante
973 774 1083 856 pedes:

7 920 9 936 2
102 873 366 938 adulescentulus
399 875 503 939 dicere
535 878 675 958 poterat,
713 877 769 959 qui
804 879 946 961 primum
983 901 1075 944 arma
1111 881 1252 962 capessit

101 981 310 1064 primumque
332 981 368 1044 in
390 981 469 1045 belli
493 981 667 1046 discrimen
684 987 831 1067 vocatum
856 985 911 1068 qui
931 985 1051 1050 iterum
1070 986 1150 1050 belli
1168 987 1251 1070 peri·

8 1081 9 1093 ¹
102 1087 178 1151 cula
201 1087 368 1153 subiturus
392 1091 455 1171 est,
478 1088 613 1154 dixisset
635 1088 789 1153 fortasse:
813 1089 840 1154 Ο
863 1091 963 1174 patrii
987 1095 1113 1157 servate
1136 1090 1250 1177 Larsa,

103 1194 262 1257 servastis
289 1216 340 1258 me
368 1195 435 1259 iam
464 1199 573 1279 antea,
601 1199 634 1260 et
661 1217 775 1278 precor
807 1200 845 1261 ut
877 1198 996 1262 iterum
1024 1221 1075 1264 me
1105 1199 1251 1263 servetis.

102 1299 167 1364 Sed
189 1321 231 1362 ne
255 1301 372 1384 longus
396 1301 471 1364 sim:
500 1300 582 1365 mihi
606 1301 735 1385 quidem
758 1325 824 1368 non
846 1304 887 1367 ad
914 1303 977 1367 iter
1004 1304 1087 1369 illud
1114 1304 1251 1369 bellum-

102 1428 167 1490 que
190 1407 336 1472 futurum
361 1431 380 1472 a
401 1407 555 1472 Teuffelio
580 1409 802 1492 excogitatum
826 1409 951 1474 decima
973 1410 1033 1474 illa
1052 1411 1158 1494 elegia
1181 1434 1251 1494 per·

9 1544 13 1573 r
102 1515 210 1578 tinere
248 1514 387 1596 videtur,
426 1514 481 1577 sed
518 1514 558 1577 ad
589 1513 714 1577 bellum
746 1513 980 1599 Aquitanicam
1017 1518 1069 1582 cui
1100 1517 1252 1582 Tibullus

100 1617 296 1706 interfore),
318 1621 366 1685 ita
389 1625 426 1685 ut
448 1642 514 1686 non
537 1621 577 1684 ad
596 1643 715 1684 annum
740 1622 813 1705 729,
836 1626 874 1686 ut
896 1623 967 1688 vult
987 1622 1171 1708 TeuffeliuS,
1195 1625 1251 1687 sed

9 1759 10 1774 κ
101 1729 144 1792 ad
169 1750 291 1792 annum
316 1727 379 1792 725
402 1726 455 1791 vel
480 1727 543 1791 726
566 1727 735 1792 referenda
758 1729 810 1792 sit.

8 1956 12 2087 ,

8 2120 12 2241 l

193 1832 286 1898 Hanc
317 1834 420 1917 igitur
452 1834 591 1918 elegiam
627 1834 768 1916 primam
805 1835 949 1898 omnium
981 1833 1251 1919 Tibullianarum,

101 1964 187 2026 quae
211 1940 252 2005 ad
274 1944 421 2004 nostram
445 1944 586 2005 aetatem
608 1940 757 2024 proditae
782 1945 870 2025 sunt,
893 1941 994 2005 fuisse
1018 1941 1178 2007 existimo.

194 2047 288 2124 Quod
320 2051 428 2112 autem
461 2069 591 2111 carmen
618 2046 792 2130 septimum
821 2070 886 2112 uno
916 2048 969 2112 vel
1001 2048 1125 2113 duobus
1159 2050 1251 2114 annis

100 2159 180 2238 post
204 2154 343 2238 elegiam
366 2154 525 2218 decimam
548 2154 765 2238 compositum
788 2153 890 2236 priori
912 2153 964 2216 illi
987 2156 1020 2216 et
1035 2155 1194 2217 suavitate
1218 2157 1251 2217 et

8 2266 9 2291 ¹
101 2261 270 2346 elegantia
295 2261 393 2343 longe
426 2260 524 2343 cedit,
551 2260 624 2323 inde
656 2260 780 2323 factum
814 2279 883 2322 esse
914 2258 1055 2341 videtur,
1088 2258 1172 2342 quod
1198 2281 1251 2323 res

8 2350 12 2449 l

100 2369 195 2450 ipsae
228 2389 309 2450 quae
339 2369 521 2430 tractantur
553 2385 685 2449 prorsus
719 2365 802 2428 aliae
834 2367 911 2429 sunt
949 2368 1046 2447 atque
1079 2364 1114 2427 in
1145 2365 1251 2448 elegia

102 2472 239 2538 decima.
267 2473 389 2557 Agitur
409 2473 494 2537 enim
518 2473 556 2536 de
580 2472 677 2536 rebus
698 2470 886 2536 aMessalla
904 2471 1020 2556 gestis,
1044 2492 1126 2556 quae
1146 2473 1250 2536 multo

7 2646 9 2670 ,
102 2581 211 2664 magis
240 2579 348 2664 epioae
377 2579 547 2663 gravitati,
578 2600 674 2663 quam
703 2577 826 2660 elegiae
859 2576 1013 2641 facilitati
1046 2578 1251 2644 conveniunt.

102 2687 208 2751 Poeta
231 2690 354 2768 autem,
378 2686 433 2768 qui
456 2685 490 2749 in
512 2684 609 2749 rebus
632 2685 741 2768 parvis
765 2683 982 2746 describendis
1002 2687 1034 2747 et
1057 2687 1127 2748 arte
1151 2689 1184 2748 et
1205 2685 1251 2748 in-

103 2793 202 2876 genio
223 2815 350 2857 summa
374 2814 446 2855 curn
468 2791 563 2856 laude
586 2795 733 2856 versatus
757 2794 819 2873 est,
843 2790 1002 2854 maiorum
1020 2811 1129 2854 rerum
1148 2790 1251 2874 digni-

7 2905 9 2956 l
104 2899 169 2963 tati
200 2900 306 2982 impar
339 2896 380 2961 ad
411 2897 609 2961 rhetoricum
641 2896 723 2961 illud
756 2915 857 2978 genus
892 2895 1070 2974 descendit,
1102 2896 1191 2961 cuius
1215 2897 1251 2961 in

8 3077 9 3086 χ
104 3005 309 3088 Panegyrico
332 3003 475 3086 plurima
496 3003 637 3086 vestigia
659 3002 876 3086 reperiuntur.

195 3110 309 3174 Trium
336 3109 438 3192 igitur
471 3130 629 3175 annorum
659 3110 869 3175 intervallum
900 3108 986 3173 inter
1012 3107 1251 3192 Panegyricum

7 3229 8 3262 ³
106 3223 139 3282 et
171 3215 313 3300 primam
346 3215 469 3280 Tibulli
505 3217 684 3300 elegiarum
715 3217 872 3280 interesse
913 3214 1122 3278 ostendimus.
1179 3212 1249 3288 Quo

7 3347 8 3357 ¹
106 3323 237 3408 quidem
259 3326 404 3405 tempore
426 3326 525 3405 poeta
551 3322 766 3387 humanitatis
795 3319 910 3384 studiis
940 3323 972 3382 et
998 3341 1060 3382 usu
1087 3319 1174 3383 vitae
1204 3319 1252 3383 ita

7 3429 9 3440 '
106 3434 249 3495 mentem
272 3429 489 3512 iudiciumque
513 3428 663 3511 excoluit,
686 3432 722 3492 ut
745 3425 986 3511 praestantiora
1008 3425 1068 3489 illa
1090 3425 1125 3512 in
1146 3423 1251 3488 Mara-

7 3533 8 3547 ’
107 3537 200 3601 thum
231 3539 264 3600 et
291 3534 421 3599 Deliam
451 3535 596 3599 carmina
626 3539 813 3618 ceterasque
844 3533 966 3617 elegias
997 3552 1188 3614 componere
1218 3535 1251 3594 et

109 3642 250 3726 expolire
272 3645 393 3724 posset.

195 3747 310 3832 Itaque
328 3751 366 3812 ut
385 3768 422 3810 eo
442 3747 553 3812 redeat
572 3749 691 3831 oratio,
714 3748 797 3811 unde
815 3745 962 3829 profecta
981 3747 1043 3808 est:
1067 3742 1148 3807 illud
1168 3757 1252 3807 corrr-

110 3854 261 3938 probasse
289 3853 371 3917 mihi
394 3841 518 3936 videor,
541 3852 778 3936 Panegyricum
805 3856 940 3936 propter
967 3855 1151 3934 temporum
1180 3871 1252 3913 corr-

8 3955 9 3991 *
112 3961 266 4030 dicionem
295 3958 467 4024 aTibullo
496 3959 745 4024 abiudicandum
771 3980 837 4022 non
864 3980 942 4022 esse.
994 3957 1080 4022 Nam
1108 3978 1189 4040 quae
1217 3956 1252 4019 in

111 4065 309 4150 Panegyrico
331 4068 429 4148 poeta
452 4065 602 4150 deliquit,
625 4086 737 4130 eorum
759 4065 900 4149 vestigia
927 4064 1027 4129 etiam
1049 4064 1084 4130 in
1113 4062 1252 4145 septima

67 4207 71 4222 ·
112 4171 184 4237 libri
211 4169 310 4254 primi
338 4170 444 4254 elegia
471 4171 596 4255 insunt,
626 4193 824 4256 quamquam
851 4171 914 4236 hoc
942 4192 1071 4236 carmen
1099 4172 1252 4254 quattuor

182 4398 202 4468 ¹)
221 4397 284 4452 Tib.
303 4397 328 4467 I,
348 4403 372 4469 7,
392 4404 407 4452 9
427 4416 489 4468 sqq.
