3074 4966
504 215 534 272 111
551 217 712 272 Messallam
730 216 898 272 Tibulliano.
1232 217 1270 282 31

129 375 260 460 giarum
282 378 470 444 societatem
493 379 676 445 imitatione
699 383 811 444 natam
831 403 899 444 esse
919 381 1106 465 statuimus,
1126 382 1274 462 efficitur,

129 489 169 549 ut
192 488 247 549 aut
269 486 483 570 panegyrista
505 490 581 570 post
609 509 729 551 annum
753 487 815 552 723
841 491 873 551 et
901 491 976 570 post
1004 488 1127 572 elegias
1151 488 1274 553 Tibulli

131 592 302 675 scripsisse
324 593 485 676 videatur,
509 597 565 657 aut
588 593 737 658 Tibullus
759 593 955 678 Panegyrici
978 597 1155 658 metrorum
1178 595 1275 658 ratio-

128 721 206 762 nem
225 698 259 762 ‘m
274 699 387 782 elegiis
403 700 446 763 sit
460 704 602 784 secutus,
621 701 706 786 quod
724 704 897 785 utrumque
916 700 1062 783 ineptum
1081 703 1139 764 est.
1175 701 1276 784 Erg0,

130 805 161 868 si
183 805 405 889 Panegyricus
434 829 518 871 anno
548 807 612 871 723
640 809 779 892 scriptus
810 811 872 890 est,
894 829 1046 870 versuum
1070 810 1179 872 autem
1202 828 1275 870 con·

130 912 216 976 dicio
241 911 352 977 eadem
375 915 425 976 est
448 916 544 996 atque
567 915 602 977 111
625 915 751 998 elegiis,
779 914 987 998 relinquitur,
1014 916 1050 978 ut
1077 913 1136 976 illa
1163 913 1276 977 simili-

129 1019 210 1083 tudo
239 1023 295 1084 aut
322 1041 399 1084 01111
422 1022 495 1083 orta
523 1024 579 1084 aut
606 1021 679 1084 inde
707 1021 850 1085 ducenda
874 1021 930 1102 sit,
958 1019 1043 1103 quod
1070 1023 1103 1082 et
1129 1018 1275 1102 Panegy-

128 1125 216 1190 ricus
240 1130 273 1190 et
296 1125 419 1190 Tibulli
443 1127 567 1210 elegiae
596 1127 636 1192 ab
665 1149 728 1192 uno
752 1127 927 1212 eodemque
951 1129 1049 1210 poeta
1071 1125 1176 1189 factae
1201 1126 1275 1191 sint.

222 1231 343 1308 Quodsi
368 1233 498 1316 singula
520 1235 783 1317 perlustraveris,
805 1233 949 1298 invenies
972 1231 1034 1296 hcc
1058 1253 1127 1296 esse
1151 1231 1275 1296 Tibulli

131 1341 166 1402 et
183 1339 412 1423 panegyristae
430 1340 611 1424 proprium,
634 1345 671 1404 ut
689 1341 723 1404 in
742 1341 856 1425 quinta
874 1362 986 1403 versus
1007 1339 1080 1403 sede
1099 1338 1276 1421 spondeum

129 1465 199 1508 non
235 1443 425 1529 admittant,
464 1450 502 1510 ut
538 1447 572 1510 in
614 1447 687 1510 sede
720 1450 813 1511 sexta
849 1445 1042 1509 vocabulum
1079 1445 1276 1527 monosylla-

130 1551 210 1614 bum
232 1572 298 1615 non
320 1551 475 1636 habeant,
499 1556 535 1617 ut
559 1577 578 1618 a
601 1575 734 1618 caesura
755 1552 904 1616 bucolica
932 1551 1130 1634 abstineant,
1153 1553 1277 1614 111110-

131 1657 291 1742 chaicam,
315 1659 380 1723 nisi
402 1682 441 1724 11
463 1661 563 1725 etiam
586 1661 652 1725 alia
673 1659 829 1723 incisione
854 1659 1036 1721 sustentata
1059 1657 1114 1740 sit,
1137 1679 1203 1720 uon
1224 1656 1277 1720 ad·

4 1853 5 1856 Ἴ
132 1764 281 1847 mittant,
303 1770 341 1830 ut
363 1766 447 1848 apud
474 1770 645 1850 utrumque
673 1787 767 1830 voees
791 1764 963 1846 iambicae,
991 1763 1184 1846 dactylieae,
1212 1783 1276 1825 eree

132 1871 231 1955 tieae,
252 1893 333 1956 quae
356 1872 390 1935 in
405 1870 469 1936 ‘m'
485 1876 609 1955 exeunt,
631 1893 698 1936 non
721 1871 898 1953 elidantur,
922 1890 1067 1953 quaeque
1091 1871 1167 1932 sunt
1190 1867 1276 1932 simi-

131 1977 185 2042 lia
244 1975 457 2043 ansurarum
492 1982 599 2043 autem
633 2001 714 2062 quae
745 1977 950 2059 reperiuntur
985 1975 1065 2039 haec
1098 1977 1148 2038 111
1180 1974 1275 2038 11110.

132 2083 309 2148 1111111211
334 2106 446 2148 versus
469 2083 665 2169 Panegyrici
688 2084 723 2148 in
747 2081 810 2147 115
838 2104 970 2146 caesura
996 2081 1276 2164 penthemimeres,

132 2190 168 2253 in
191 2191 234 2254 20
257 2213 389 2254 caesura
411 2191 578 2256 trochaica
601 2213 674 2256 eum
696 2188 926 2254 trithemimeri
952 2191 985 2252 et
1002 2186 1276 2272 hephthemimeri

133 2296 318 2380 coniuncta,
350 2297 386 2360 iu
417 2299 437 2362 3
469 2297 636 2362 trochaica
668 2318 740 2360 oum
773 2296 843 2360 sola
874 2294 1158 2377 hephthemimeri,
1192 2293 1227 2356 in
1254 2293 1275 2356 3

132 2403 404 2487 penthemimeres
429 2427 501 2468 cum
522 2403 813 2487 hephthemimere,
836 2401 871 2465 in
890 2401 909 2465 8
928 2400 1181 2465 trithemimeres
1204 2421 1276 2462 cum

131 2510 418 2594 hephthemimeri,
446 2512 480 2574 in
509 2511 526 2574 1
555 2509 721 2573 trochaica
749 2529 827 2596 cum·
843 2507 1114 2591 hephthemimeri
1142 2509 1175 2570 et
1204 2527 1275 2569 cum

133 2615 289 2682 incisione
312 2620 388 2701 post
411 2618 551 2681 alterum
573 2616 775 2698 trochaeum,
797 2615 832 2678 in
855 2616 871 2678 1
893 2615 964 2678 sola
981 2611 1275 2697 hephthemimeres

133 2723 242 2788 versui
265 2723 411 2788 adhibita
433 2728 491 2788 est.

223 2828 313 2892 Inter
332 2828 395 2893 211
420 2833 527 2893 autem
545 2851 655 2894 versus
680 2828 757 2894 libri
775 2827 874 2910 primi
893 2825 1016 2891 Tibulli
1035 2827 1215 2910 elegiarum
1237 2823 1275 2888 X.

134 2935 207 2999 VII.
228 2933 285 2998 IV.
306 2933 360 2998 IX.
381 2933 471 2999 VIII.
489 2932 506 2998 I
523 2958 553 2999 v.
576 2936 683 3000 1-43
706 2934 742 2998 iu
762 2935 825 2998 166
846 2933 992 2997 versibus
1014 2933 1276 3014 trithemimeres,

134 3043 167 3106 in
190 3042 233 3106 34
257 3063 390 3105 caesura
412 3041 577 3106 trochaica
600 3065 673 3106 cum
693 3040 966 3124 hephthemimeri
991 3042 1024 3103 et
1046 3037 1276 3103 trithemImeri

137 3148 316 3230 coniuncta,
348 3147 383 3209 in
415 3147 435 3210 2
467 3148 632 3213 trochaica
664 3170 737 3212 eum
770 3148 841 3211 sola
872 3145 1156 3230 hephthemimeri,
1193 3145 1227 3208 iu
1255 3146 1275 3207 6

137 3253 403 3335 penthemimeres
427 3274 499 3316 curn
521 3253 805 3338 hephthemimeri,
827 3254 862 3317 in
885 3255 905 3317 3
927 3253 1179 3317 trithemimeres
1204 3271 1275 3314 eum

135 3357 405 3442 hephthemimeri
428 3359 535 3422 locum
558 3358 716 3424 obtinent.

223 3462 364 3529 (laesura
387 3464 550 3529 trochaica
573 3486 646 3528 eum
668 3465 936 3549 hephthemimeri
959 3469 993 3528 et
1020 3488 1092 3529 cum
1120 3465 1275 3529 incisione

134 3572 209 3652 post
242 3570 381 3635 alterum
416 3570 605 3635 trochaeum
642 3573 676 3636 'm
707 3572 904 3638 hexametris
942 3595 1052 3635 earum
1089 3572 1277 3655 elegiarum,

135 3699 216 3760 quas
239 3678 465 3759 tractavimus,
481 3699 553 3744 non
572 3681 621 3742 est
646 3677 800 3762 admissa,
824 3679 880 3743 sed
899 3673 1005 3742 exstat
1028 3678 1060 3742 in
1084 3677 1161 3742 libri
1179 3677 1275 3760 primi

135 3782 259 3866 elegiae
283 3784 440 3848 secundae
463 3805 558 3848 versu
581 3785 634 3849 63.

222 3887 323 3953 Vides
352 3912 556 3954 caesurarum
589 3891 860 3955 instituendarum
888 3890 923 3953 in
950 3890 1153 3974 Panegyrico
1182 3895 1215 3955 et
1242 3892 1276 3956 in

135 3995 250 4079 elegiis
284 4017 364 4080 quas
397 3997 653 4079 comparavimus
687 3997 821 4061 eandem
848 3995 915 4060 fere
946 4019 1015 4060 esse
1048 3997 1276 4081 condicionem,

133 4082 216 4164 nisi*
227 4101 312 4185 quod
341 4124 474 4166 caesura
506 4101 671 4167 trochaica
698 4125 771 4167 cum
798 4100 1027 4166 trithemimeri
1060 4105 1092 4165 et
1120 4102 1276 4186 hephthe-

134 4205 263 4270 mimeri
298 4208 421 4272 sociata
452 4207 563 4291 paullo
600 4208 727 4290 saepius
762 4208 797 4271 in
827 4207 940 4290 elegiis
971 4206 1119 4273 adhibita
1150 4211 1213 4292 est,
1242 4208 1275 4272 id

135 4308 220 4394 quod
243 4309 399 4375 vividiore
424 4311 602 4395 elegiarum
625 4334 758 4377 numero
783 4317 816 4378 et
838 4313 947 4377 indole
971 4316 1150 4378 excusatur.
