3074 4966
248 400 294 468 24
612 403 641 461 F.
660 402 784 460 Hankel:
804 403 838 459 de
857 399 1027 474 panegyrico

247 567 298 629 illi
322 566 547 649 philosophiae
572 567 730 652 addictus,
753 569 821 633 sive
846 569 1026 632 doctrinam
1049 568 1277 632 ostentaturus.
1329 559 1392 626 Ne-

249 695 310 756 que
346 672 407 736 hoc
440 673 614 757 quidquam
650 673 749 740 habet
785 675 980 740 offensionis.
1034 673 1120 738 Nam
1153 670 1213 734 illo
1246 673 1391 751 tempore

247 777 370 842 Romae
398 776 493 843 Isidis
523 783 555 843 et
583 779 720 844 Osiridis
748 803 841 846 saera
868 781 1041 861 florebant,
1068 781 1105 842 ut
1132 777 1231 845 etiam
1260 775 1300 838 ab
1330 773 1391 838 hoc

248 885 351 967 cultu,
384 885 473 949 cuius
509 886 684 969 religiones
718 885 851 951 Tibullo
860 885 883 972 ¹)
916 891 1012 952 notae
1045 889 1151 968 eraut,
1188 886 1292 948 totam
1324 903 1392 944 rem

247 994 357 1074 petere
388 996 508 1074 posset.
562 991 631 1056 Nec
667 993 795 1059 taedere
832 998 958 1059 veteres
991 994 1120 1057 constat
1154 989 1194 1054 ad
1225 987 1392 1052 hominum

248 1097 424 1180 imaginem
461 1099 702 1181 exprimendam
738 1101 882 1165 conferre
922 1099 1169 1166 similitudinem
1204 1095 1391 1158 bestiarum.

247 1200 399 1287 Exempli
429 1226 526 1268 causa
553 1202 743 1292 Horatius²)
773 1207 812 1271 de
836 1206 985 1290 Augusto
1015 1193 1170 1288 palpandi
1201 1206 1234 1266 et
1262 1200 1391 1265 recalci-

154 1351 159 1360 -
247 1310 354 1374 trandi
372 1310 504 1375 vocibus
523 1333 599 1378 usus
624 1315 686 1392 est,
709 1334 789 1394 quae
814 1314 852 1378 de
875 1313 965 1396 equis
985 1311 1115 1395 proprie
1138 1309 1296 1372 dicuntur.
1333 1304 1391 1370 At-

248 1438 309 1498 que
323 1419 360 1479 ut
373 1417 417 1480 sit
431 1416 513 1480 illud
527 1417 683 1500 ineptum,
698 1417 775 1501 quid
793 1421 842 1482 est
857 1440 912 1482 our
927 1416 1096 1488 Tibullum
1115 1412 1391 1480 adulescentulum

244 1526 336 1588 recto
361 1522 479 1586 iudicio
504 1524 673 1590 etiamtum
697 1526 860 1588 caroniam
883 1523 946 1587 hoc
963 1523 1082 1609 ⁴vitium
1105 1521 1273 1584 admisisse
1296 1539 1390 1602 nege·

247 1629 341 1692 mus?
387 1627 474 1692 Nam
495 1630 580 1712 quod
600 1633 715 1712 postea
735 1652 800 1693 non
818 1628 908 1711 fecit,
931 1629 964 1692 id
981 1651 1085 1712 paene
1103 1649 1184 1710 puer
1206 1627 1390 1710 delinquere

246 1737 384 1816 poterat.
440 1733 502 1799 Sed
534 1735 669 1818 longum
702 1739 752 1800 est
784 1735 893 1800 omnia
925 1755 1111 1799 enumerare
1146 1737 1242 1818 atque
1276 1733 1391 1800 exami-

246 1863 336 1922 nare,
365 1862 445 1924 quae
472 1840 614 1906 Bachius
643 1841 762 1925 aliique
785 1842 824 1906 de
855 1841 992 1924 singulis
1021 1840 1216 1924 Panegyriei
1242 1839 1389 1923 partibus

247 1945 389 2030 locisque
419 1947 540 2029 partim
567 1948 686 2012 iniuria
712 1948 833 2031 partim
861 1971 918 2014 suo
946 1948 1015 2012 iure
1042 1947 1241 2030 vituperant:
1274 1945 1389 2028 quibus

246 2051 341 2116 rebus
371 2052 520 2116 omnibus
547 2053 630 2116 nihil
658 2053 814 2135 efficitur,¹
839 2055 903 2118 nisi
929 2059 965 2118 ut
993 2054 1223 2136 intellegamus
1247 2052 1390 2134 Panegy-

246 2163 347 2220 ricum
370 2161 403 2222 et
425 2158 522 2222 rebus
546 2162 579 2222 et
602 2163 671 2223 arte
695 2159 808 2242 elegiis
829 2159 953 2232 Tibulli
974 2161 1076 2224 multo
1102 2182 1172 2224 esse
1196 2159 1390 2240 inferiorem,

245 2263 276 2326 id
300 2265 385 2348 quod
408 2263 472 2346 ipsi
498 2265 687 2350 neutiquam
713 2247 910 2348 negavimus,
956 2267 1061 2342 Quare
1084 2266 1164 2330 haec
1188 2264 1297 2330 omnia
1324 2265 1389 2328 iam

245 2371 405 2434 mittimus
430 2375 463 2435 et
493 2371 533 2436 ad
562 2372 668 2455 ipsam
691 2373 887 2456 orationem,
917 2372 1023 2457 qualis
1054 2375 1096 2436 sit
1125 2377 1158 2437 in
1180 2370 1390 2454 Panegyrico,

246 2479 429 2543 transimus.

333 2582 443 2667 Atque
474 2581 739 2670 Hertabergius3)
769 2583 898 2668 quidem
926 2586 1056 2669 singula
1082 2606 1149 2650 non
1176 2581 1388 2665 persequitur,

246 2711 442 2773 quamquam
465 2689 498 2752 id
520 2695 626 2772 ipsum
650 2689 794 2775 Gruppio
819 2691 933 2773 obicit;
958 2691 1108 2756 omnibus
1133 2688 1220 2754 enim
1242 2688 1388 2771 partibus

244 2793 323 2858 dicit
336 2794 408 2865 luce
423 2817 492 2858 esse
508 2795 625 2860 elarius
641 2819 722 2880 eum,
737 2796 792 2880 qui
806 2796 1044 2881 Panegyricum
1059 2795 1233 2879 scripserit,
1248 2797 1281 2858 et
1295 2793 1390 2856 mori-

244 2900 304 2964 bus
336 2904 368 2964 et
397 2901 528 2984 ingenio
559 2906 591 2966 et
619 2903 785 2968 doetrinae
814 2903 902 2967 cultu
928 2925 1061 2986 prorsus
1084 2903 1245 2967 diversum
1272 2922 1342 2964 esse
1370 2923 1390 2964 1

245 3004 385 3070 Tibullo,
435 3007 479 3072 Et
508 3008 613 3092 ipsam
641 3009 798 3074 orationis
828 3009 1117 3075 conformationem
1144 3014 1191 3072 ita
1219 3031 1238 3070 1
1265 3005 1390 3070 Tibulli

245 3113 473 3177 consuetudine
501 3114 625 3178 dicendi
654 3114 839 3196 abhorrere,
867 3119 904 3179 ut
935 3115 1065 3198 singula
1093 3119 1252 3197 respicere
1281 3135 1389 3196 super-

243 3240 418 3283 vacaneum
441 3219 492 3282 sit.
539 3218 635 3283 Tales
660 3226 743 3284 enim
769 3221 1022 3305 enuntiationes,
1047 3222 1158 3305 quales
1182 3221 1216 3283 iu
1240 3219 1388 3302 Panegy-

243 3325 301 3388 rioi
317 3324 463 3389 versibus
485 3325 623 3390 18-27.
647 3326 788 3392 Tib-38.
811 3327 952 3392 39-49.
978 3328 1118 3392 65—78.
1142 3325 1388 3393 82-1050011-

243 3431 408 3494 tineantur
423 3453 567 3514 quaeque
586 3431 684 3496 denos
699 3433 750 3496 vel
765 3433 874 3516 plures
889 3455 1000 3500 versus
1015 3432 1282 3516 complectantur,
1303 3430 1389 3514 apud

242 3535 410 3603 Tibullum
430 3558 591 3621 nusquam
611 3538 754 3620 reperiri.
788 3538 906 3604 Nescio
928 3539 1076 3624 equidem
1096 3560 1193 3622 quam
1215 3539 1387 3602 editionem

242 3641 402 3706 librorum
429 3642 692 3708 Tibullianorum
719 3641 951 3728 Hertzbergius
983 3645 1018 3708 in
1049 3645 1195 3708 manibus
1225 3642 1387 3708 habuerit.

243 3746 306 3811 Sed
326 3750 409 3831 apud
427 3748 502 3812 Luc.
516 3747 710 3813 Muellerum
731 3771 855 3816 summo
875 3751 945 3815 iure
963 3755 1038 3832 post
1056 3774 1084 3815 v.
1100 3750 1152 3833 36,
1170 3753 1245 3832 post
1258 3772 1386 3815 versum

242 3854 300 3935 44,
323 3858 399 3936 post
421 3877 450 3919 v.
473 3855 515 3918 69
540 3859 573 3919 et
597 3855 651 3938 75,
674 3860 749 3938 post
771 3879 800 3920 v.
824 3858 865 3923 88
890 3860 923 3922 et
946 3857 989 3920 90
1013 3861 1045 3920 et
1068 3857 1109 3922 97
1134 3857 1267 3921 maioris
1289 3857 1387 3921 inter-

241 3960 424 4041 punctionis
456 3962 535 4024 nota
570 3962 678 4046 posita
710 3966 774 4045 est,
810 3963 858 4027 ita
885 3967 922 4027 ut
953 3962 1185 4047 Hertzbergius
1218 3963 1388 4032 oculorum

242 4066 337 4130 credo
380 4088 487 4130 errore
524 4067 682 4133 orationis
721 4069 1009 4156 inconcinnitatem,
1041 4070 1222 4153 paullulum
1259 4070 1387 4136 auxisse

241 4227 453 4237 W·-

240 4405 248 4417 .
314 4329 334 4396 ¹)
354 4329 415 4383 Tib.
434 4329 458 4398 I,
478 4336 508 4398 3,
527 4337 560 4384 13
580 4348 640 4402 sqq.
661 4332 684 4401 I,
706 4337 730 4400 7,
749 4335 783 4387 27
803 4349 863 4402 sqq.

313 4416 332 4485 ²)
353 4418 410 4473 Sat.
430 4419 468 4488 II,
489 4426 516 4488 1,
536 4425 577 4476 20.

312 4505 332 4582 ³)
352 4507 422 4563 Ano.
442 4507 505 4564 Hal.
524 4508 543 4565 l.
563 4527 583 4564 s.
604 4528 624 4564 s.
