3074 4966
248 390 290 454 36
610 387 639 444 F.
659 387 783 444 Hankel:
802 387 836 444 de
854 387 1024 460 panegyrico

247 555 362 638 quiec
387 575 470 618 anno
479 551 503 638 ¹)
529 557 620 618 aetus
645 557 703 616 est.
748 552 841 616 Hanc
865 556 973 616 autem
997 551 1135 636 elegiam
1159 552 1187 616 si
1210 554 1394 619 accuratius

245 660 507 744 perlustraveris,
524 660 688 723 artissimo
710 682 782 723 eam
796 659 925 724 uinculo
945 659 1118 742 intelleges
1133 659 1304 724 cohaerere
1319 683 1395 725 cum

246 768 459 852 Panegyrico,
485 766 618 830 Etenim
636 769 669 830 et
687 766 934 849 repetitionibus
954 786 1027 828 cum
1046 763 1219 829 verborum
1237 771 1308 832 tum
1322 789 1394 832 sen·

246 873 422 938 mutiarum
448 873 661 937 refertissima
689 869 770 958 est²)
794 875 828 936 et
849 875 1010 936 terrarum
1037 871 1318 938 describendarum
1342 895 1381 938 ra

247 981 335 1044 tione
350 1001 473 1062 usuque
486 978 672 1042 fabularum
691 977 731 1041 ad
744 976 982 1062 Panegyricum
997 999 1099 1060 prope
1114 977 1245 1042 accedit.
1277 979 1393 1044 Nihilo

248 1085 353 1150 minus
380 1082 588 1169 Passoviusss)
622 1087 655 1147 et
685 1081 947 1168 Kindscberus4),
979 1105 1019 1146 ne
1052 1104 1163 1147 eorum
1195 1085 1394 1149 mentionem

247 1191 366 1255 faciam
390 1191 446 1274 qui
468 1191 536 1254 fere
556 1191 597 1254 ad
615 1212 715 1256 unum
734 1211 847 1254 omnes
866 1191 900 1253 in
919 1189 1114 1254 editionibus
1133 1188 1395 1256 Tibullianorum

248 1298 428 1362 carminum
443 1297 577 1361 eandem
592 1296 786 1360 sententiam
805 1296 947 1379 amplexi
961 1301 1049 1380 sunt,
1068 1284 1145 1360 libri
1158 1296 1257 1379 primi
1271 1297 1394 1380 elegias

168 1448 171 1454 -
249 1425 359 1468 omnes
383 1407 459 1467 ante
484 1423 605 1468 annum
624 1403 686 1466 727
712 1403 875 1468 confectas
899 1424 969 1466 esse
993 1402 1118 1486 opinati
1142 1407 1226 1466 suut.
1260 1401 1321 1467 Sed
1339 1403 1395 1468 bic

250 1533 322 1574 cum
346 1510 456 1574 omnia
478 1509 634 1572 fluctuent
660 1495 909 1592 temporumque
935 1509 1078 1572 rationes
1105 1529 1171 1573 non
1199 1509 1296 1573 certis
1325 1511 1395 1593 qui-

250 1617 387 1682 busdam
399 1615 609 1700 argumentis,
621 1615 676 1678 sed
685 1613 812 1677 difficili
827 1615 1067 1698 computatione
1082 1614 1308 1679 describendae
1319 1615 1396 1700 sint,

249 1724 390 1788 maxime
418 1722 501 1786 illud
528 1721 562 1785 in
590 1719 782 1785 memoriam
804 1741 990 1784 revocemus
1015 1724 1157 1803 oportet,
1179 1726 1294 1804 poetas
1318 1723 1396 1786 scri·

247 1833 419 1914 ptoresque
439 1850 550 1893 omnes
575 1826 615 1892 ab
635 1826 834 1909 imperfectis
859 1827 899 1890 ad
917 1826 1074 1911 perfecta,
1093 1850 1113 1890 a
1135 1828 1244 1910 parvis
1269 1828 1310 1892 ad
1328 1850 1395 1892 nra-

248 1937 317 2000 iora
339 1935 502 2019 gradatim
521 1957 558 1998 ac
580 1933 779 2018 pedetentim
798 1933 967 1997 escendere
992 1938 1088 2017 atque
1113 1935 1278 2018 progredi:
1302 1935 1395 1998 cuius

247 2041 295 2104 rei
322 2041 357 2105 in
386 2040 582 2105 Tibullianis
611 2039 727 2122 elegiis
754 2039 939 2103 ordinandis
966 2044 1096 2122 praeter
1124 2038 1334 2125 Gruppium5)
1360 2045 1396 2104 et

249 2143 475 2234 Teuffelium⁶)
503 2147 570 2211 fere
599 2168 694 2211 nemo
719 2145 880 2209 rationem
904 2144 1028 2209 habuit.
1074 2146 1167 2221 Quod
1192 2170 1268 2213 vero
1293 2147 1396 2211 Kind-

249 2253 379 2318 scherus
399 2255 492 2318 illam
512 2253 635 2336 elegiae
650 2251 807 2336 septimae
822 2251 1041 2316 condicionem
1057 2273 1095 2316 eo
1110 2274 1262 2318 excusare
1276 2254 1396 2336 studet,

249 2359 333 2443 quod
355 2359 488 2424 Tibullo
509 2347 649 2423 fortasse
674 2357 778 2422 otium
803 2356 942 2422 defuerit
967 2358 1116 2422 omnibus
1141 2359 1266 2423 viribus
1292 2361 1395 2426 omni-

250 2488 311 2549 que
335 2466 442 2530 studio
468 2467 503 2529 in
525 2465 609 2529 hanc
633 2465 772 2547 elegiam
797 2464 993 2528 condendam
1015 2465 1234 2549 incumbendi,
1255 2466 1289 2529 id
1312 2466 1395 2530 mibi

250 2571 379 2654 quidem
399 2572 439 2636 ad
454 2571 690 2654 explanandam
707 2571 756 2634 rei
774 2570 1000 2635 difficultatem
1013 2594 1130 2655 parum
1149 2571 1293 2636 sufficere
1308 2573 1396 2637 vide·

248 2681 310 2742 tur.
354 2677 440 2742 Nam
473 2679 529 2762 qui
561 2679 705 2742 carmina
736 2682 848 2742 tantae
879 2678 1114 2766 praestantiae,
1146 2682 1286 2762 quantae
1318 2683 1396 2743 sunt

250 2785 374 2867 elegiae
397 2785 432 2848 in
454 2784 598 2866 Deliam,
622 2805 813 2868 componere
835 2783 957 2866 potuit,
980 2805 1066 2868 enm,
1091 2785 1119 2847 si
1137 2784 1325 2850 Tibulliano
1347 2787 1396 2850 in-

250 2890 345 2972 genio
364 2889 539 2976 frueretur,
556 2895 650 2976 puto,
672 2891 700 2955 si
723 2891 774 2955 vel
793 2911 969 2974 paucorum
988 2889 1113 2954 dierum
1132 2890 1342 2956 intervallum
1363 2892 1395 2954 ei

250 3001 334 3061 esset
352 2997 516 3082 relictum,
534 2999 671 3064 meliora
689 2997 834 3081 potuisse
853 2996 1064 3060 conscribere.
1092 2993 1155 3060 Sed
1173 2997 1394 3062 Kindseberus

249 3124 322 3166 cum
344 3103 593 3187 Panegyricum,
617 3104 672 3186 qui
694 3104 730 3166 in
751 3103 804 3165 his
826 3101 923 3165 rebus
947 3101 1159 3166 diiudicandis
1183 3104 1302 3167 summi
1326 3126 1395 3168 mo-

249 3209 351 3273 menti
370 3213 432 3293 est,
451 3209 582 3276 omnino
602 3209 637 3272 in
656 3207 927 3273 commentatione
946 3207 1076 3271 silentio
1095 3212 1291 3294 praetereat,
1309 3209 1394 3274 nihil

249 3317 279 3379 ei
302 3316 375 3379 inde
399 3316 612 3380 dubitationis
637 3315 787 3379 subnasci
809 3313 925 3396 potuit.
968 3312 1092 3378 Verum
1115 3315 1181 3378 iam
1204 3316 1245 3378 ad
1266 3316 1395 3400 reliqua

130 3502 133 3508 Ι
250 3422 426 3486 veniamus.

338 3527 458 3593 'lotam
481 3532 590 3592 autem
612 3527 831 3593 Kindscherus
855 3531 1039 3610 temporum
1062 3525 1318 3613 discriptionem,
1341 3528 1394 3592 cui

149 3671 154 3682 ·
249 3640 392 3699 carmina
422 3633 609 3698 Tibulliana
641 3635 792 3718 subiecit,
823 3635 944 3718 partim
981 3633 1021 3696 ad
1047 3654 1191 3718 pugnam
1223 3635 1392 3700 Actiacam

251 3741 328 3804 anni
352 3741 416 3806 723
439 3763 548 3805 mense
573 3739 758 3823 Septembri
781 3746 985 3805 commissam
1008 3739 1120 3824 refert,
1143 3742 1265 3824 partim
1289 3743 1330 3806 ab
1354 3764 1391 3805 eo

325 3969 344 4037 ¹)
363 3966 443 4022 Fasti
465 3967 662 4038 triumphales:
684 3967 737 4023 ‘ld
756 3967 886 4024 Valeriis
907 3967 944 4022 M.
963 3968 982 4022 f.
1001 3967 1038 4022 M.
1061 3985 1088 4022 n.
1107 3967 1238 4026 Messalla
1256 3966 1392 4025 Corvinus

249 4074 358 4126 procos.
379 4074 413 4111 ex
431 4054 525 4110 Gallia
541 4057 603 4114 ,VIL
622 4057 655 4112 K.
676 4058 737 4112 Oct.
757 4075 782 4113 a.
801 4055 979 4111 Dccxxvl’
1001 4059 1046 4126 (=
1066 4064 1116 4112 727
1133 4059 1231 4127 Vara).

323 4145 1078 4215 pfflwmammmmmmmm

324 4233 343 4302 ⁰)
364 4233 463 4304 Opusc.
484 4235 562 4289 acad.
582 4253 609 4304 p.
629 4241 681 4290 280
700 4252 760 4304 sqq.

321 4322 342 4390 ⁴)
362 4321 437 4379 Diar.
456 4339 551 4392 gymn.
571 4323 660 4378 Berol.
681 4341 698 4376 a
716 4322 875 4378 Muetzellio
893 4323 960 4378 edit.
978 4323 1035 4380 vol.
1055 4324 1119 4378 XIII
1138 4343 1164 4394 p.
1184 4330 1335 4380 aea-301.

323 4409 344 4478 ὅ)
363 4411 404 4465 De
423 4410 515 4480 elegia
532 4411 660 4466 Romana
678 4413 698 4466 1.

321 4497 342 4568 ⁶)
362 4499 440 4555 Stud.
460 4501 494 4556 de
513 4500 580 4557 hist.
598 4499 654 4556 litt.
674 4500 753 4555 Rom.
772 4519 799 4572 p.
819 4507 969 4558 344-386.
