3074 4966
535 195 565 247 in
584 193 745 250 Messallam
764 194 933 250 Tibulliano.
1264 198 1306 262 27

165 355 316 440 edidisse,
339 359 511 440 propterea
535 356 620 440 quod
642 378 708 420 non
727 358 866 422 estuari
886 357 992 422 simile
1012 381 1140 422 carmen
1159 363 1227 424 tam
1250 362 1307 425 im-

163 462 357 546 perfectum,
382 463 477 547 quale
502 467 552 527 est
575 463 681 545 elegia
703 462 782 526 libri
806 463 937 528 seermdi
961 463 1087 547 quinta,
1109 469 1208 548 poeta
1235 468 1306 548 ipso

164 572 295 632 auctore
325 569 360 632 in
388 568 555 652 publicum
584 568 753 652 prodiisse.
799 570 905 645 Quare
935 569 1096 653 equidem,
1127 571 1154 633 si
1183 575 1306 635 certum

164 673 297 738 editoris
326 697 444 741 nomen
476 675 670 740 afferendum
704 680 766 758 est,
797 675 1002 759 Lygdamum
1034 676 1128 741 illum
1161 678 1306 760 suspicor

162 780 224 843 hoc
242 782 410 864 negotium
425 782 613 865 suscepisse.
640 777 703 843 Hie
723 784 844 864 autern,
863 784 900 845 ut
919 784 1007 864 puto,
1028 781 1128 846 etiam
1143 779 1307 866 Sulpiciae

164 887 285 970 elegias
293 884 327 973 ¹),
351 888 418 951 sive
442 908 548 951 errore
573 887 640 951 sive
664 886 826 969 consulto,
849 889 886 950 ut
913 887 1007 970 quasi
1029 909 1088 970 pro
1113 895 1305 971 argumento

164 997 273 1057 essent
300 993 561 1059 Tibullianorum
590 993 770 1057 carminum
797 991 959 1075 Sulpiciae
989 1014 1133 1058 amorem
1161 1000 1306 1078 spectan-

162 1099 258 1182 tium,
292 1099 377 1164 inter
400 1123 493 1164 veras
517 1098 641 1163 Tibulli
664 1100 787 1183 elegias
815 1098 950 1182 recepit,
984 1121 1042 1163 sua
1070 1104 1178 1164 autem
1202 1101 1304 1185 ipsius

163 1206 307 1270 carmina
330 1229 395 1271 una
419 1229 491 1270 oum
510 1204 705 1270 Tibullianis
730 1205 844 1269 edidit:
868 1226 950 1288 quae
974 1227 1071 1269 causa
1093 1204 1157 1270 fuit
1180 1229 1235 1271 our
1259 1231 1306 1292 ea,

164 1311 240 1395 quia
261 1312 408 1395 proxime
433 1312 473 1376 ad
496 1311 757 1375 Tibullianorum
781 1311 959 1375 carminum
983 1311 1230 1378 similitudinem
1255 1337 1305 1378 ao-

163 1418 293 1501 cedunt,
315 1418 395 1502 ipsis
418 1418 508 1482 illius
531 1422 647 1500 poetae
670 1417 785 1500 elegiis
810 1417 1107 1482 adnumerarentur.
1147 1417 1209 1483 Sed
1233 1443 1305 1484 eum

161 1546 228 1588 non
241 1525 402 1608 ignorem,
422 1524 581 1608 quentilla
595 1523 664 1587 eius
685 1523 728 1587 sit
745 1523 795 1586 vis
816 1523 1031 1606 coniecturae,
1050 1524 1091 1588 ad
1110 1525 1304 1591 sententiam

162 1653 267 1696 meam
282 1629 554 1714 comprobandam
568 1652 607 1694 ea
620 1652 686 1694 non
700 1633 782 1694 utor.
806 1628 931 1693 Omitto
946 1629 1044 1693 etiam
1057 1631 1304 1714 panegyristam

161 1737 450 1802 turbulentissimis
484 1737 559 1801 anni
593 1737 656 1800 713
688 1735 938 1819 tempestatibus
975 1736 1009 1799 in
1041 1735 1169 1800 easdem
1206 1757 1305 1821 angu-

162 1842 275 1927 stias²)
293 1843 459 1908 redactum
474 1865 558 1925 esse,
576 1849 611 1906 in
629 1842 745 1926 quibus
760 1839 909 1904 Tibullus
916 1839 942 1925 ⁸)
962 1845 1110 1905 versatus
1130 1863 1200 1905 esse
1219 1843 1305 1906 vide-
1412 1894 1414 1904 .

161 1954 227 2014 tur:
250 1972 317 2014 non
345 1972 407 2033 quo
435 1946 615 2035 Paldami4)
644 1948 795 2032 opinione
824 1950 1004 2011 commotus
1031 1946 1093 2011 hac
1120 1948 1158 2012 de
1186 1969 1220 2011 re
1250 1948 1304 2013 du-

160 2057 275 2140 bitem,
308 2055 363 2119 sed
396 2055 481 2140 quod
512 2055 633 2119 multos
666 2054 734 2119 eius
768 2055 886 2118 aetatis
918 2053 1065 2118 homiues
1102 2054 1136 2116 in
1169 2054 1303 2118 eandem

162 2163 381 2227 calamitatem
404 2162 555 2226 incidisse
581 2164 718 2226 constat.
745 2159 831 2224 Illud
850 2160 936 2224 dieo:
960 2181 1014 2224 eas
1033 2159 1118 2223 inter
1137 2159 1304 2224 Tibullum

162 2272 257 2352 atque
284 2291 369 2350 eum,
393 2268 449 2352 qui
471 2266 710 2351 Panegyricum
734 2266 929 2349 composuit,
957 2269 990 2328 et
1013 2265 1246 2330 sententiarum
1271 2271 1303 2331 et

160 2375 332 2438 uerborum
357 2377 389 2438 et
416 2394 567 2437 versuum
596 2373 792 2437 intercedere
821 2371 1064 2453 similitudines,
1087 2375 1124 2435 ut
1153 2372 1302 2438 omnibus

159 2480 227 2545 fere
254 2480 396 2544 numeris
420 2478 643 2562 Panegyricus
671 2482 760 2543 certa
784 2477 942 2563 quaedam
969 2457 1150 2543 Tibulliani
1178 2479 1301 2564 ingenii

160 2586 342 2670 indolisque
365 2584 505 2669 vestigia
527 2607 605 2667 prae
629 2607 663 2648 se
686 2583 779 2658 ferat.

249 2691 385 2757 Constat
422 2691 549 2775 quidem
582 2689 750 2755 Tibullum
783 2691 885 2754 vitam
920 2688 1076 2753 rusticam
1113 2689 1192 2753 adeo
1230 2691 1302 2755 ada·

161 2820 281 2880 masse,
310 2801 347 2860 ut
379 2798 413 2860 in
443 2796 592 2860 omnibus
628 2796 695 2860 fere
733 2795 847 2879 elegiis
882 2795 966 2858 ruris
1001 2797 1215 2860 amoenitates
1252 2798 1303 2861 de-

159 2905 319 2988 pingeret.
355 2903 445 2967 Idem
468 2902 590 2966 fectum
613 2904 662 2965 est
684 2902 720 2964 in
736 2900 932 2985 Panegyriei
954 2901 1101 2965 versibus
1128 2902 1301 2966 161-174

159 3010 401 3075 11183-187.
450 3007 559 3092 Atque
586 3007 731 3072 notabile
762 3009 825 3091 est,
850 3010 973 3091 quanta
1000 3006 1085 3070 inter
1111 3007 1172 3070 hos
1201 3007 1302 3073 Pane·
1390 3005 1393 3010 ’

161 3117 264 3200 gyrioi
294 3139 405 3182 versus
436 3119 533 3200 atque
564 3137 620 3178 eas
651 3113 792 3178 decimae
826 3119 858 3179 et
887 3113 1043 3198 septimae
1072 3113 1196 3197 elegiae
1223 3114 1300 3178 libri

161 3223 256 3306 primi
278 3226 402 3307 partes,
426 3222 542 3305 quibus
566 3221 635 3285 vita
662 3220 784 3284 rustica
810 3219 1017 3302 describitur,
1045 3219 1223 3283 similitudo
1248 3221 1300 3285 sit.

160 3327 228 3392 Nec
250 3333 329 3412 puto
352 3328 415 3391 hoc
438 3349 515 3392 casu
534 3327 701 3408 accidisse3
723 3349 798 3390 nam
816 3330 853 3390 ut
871 3325 981 3408 paullo
1001 3324 1085 3388 infra
1103 3325 1299 3390 demonstra-

159 3434 278 3518 bimus,
305 3435 429 3499 decima
457 3433 563 3518 elegia
591 3436 624 3498 et
652 3432 790 3515 septima
817 3432 877 3496 illa
898 3431 1023 3516 primae
1053 3453 1122 3495 esse
1150 3432 1300 3496 videntur

160 3563 239 3625 quas
262 3539 410 3606 Tibullus
435 3540 574 3623 scripsit.
602 3537 783 3623 Aptissima
808 3541 916 3602 autem
936 3537 1074 3603 conferri
1092 3541 1230 3620 possunt
1253 3561 1299 3621 ea,

160 3667 242 3730 quae
265 3647 300 3712 in
318 3646 513 3730 Panegyriei
532 3645 679 3711 versibus
706 3645 880 3709 los-110
902 3645 941 3708 de
964 3643 1151 3708 nationibus
1176 3667 1194 3707 a
1216 3643 1300 3708 Mes-

160 3753 244 3817 salla
266 3754 362 3817 victis
383 3751 473 3817 'dieta
496 3757 584 3837 sunt,
608 3773 680 3816 cum
704 3751 750 3814 eis
776 3773 856 3834 quae
880 3751 914 3813 in
941 3749 1047 3833 elegia
1074 3750 1133 3814 illa
1161 3751 1299 3833 septima
1429 3794 1432 3801 ·

158 3859 231 3921 inde
260 3881 280 3922 a
306 3881 401 3924 versu
428 3881 513 3924 nono
542 3860 579 3922 de
607 3855 781 3921 Messallae
813 3855 950 3919 victoria
976 3854 1126 3920 Tibullus
1159 3855 1299 3920 disserit

232 4033 250 4100 ¹)
270 4031 332 4089 Tib.
351 4033 397 4100 Ν,
418 4037 512 4087 1-11.
608 4100 610 4104 ,

230 4121 372 4190 oPaneg.
395 4125 541 4174 111-111.

231 4208 251 4278 ³)
271 4208 332 4263 111.
351 4209 377 4277 1,
400 4212 422 4275 1,
443 4212 483 4260 ro.
503 4212 544 4260 11.
564 4211 606 4260 11.

230 4296 251 4363 ⁴)
270 4294 347 4350 Erot.
366 4295 446 4351 Rom.
465 4313 491 4364 p.
512 4301 544 4350 51
565 4297 594 4349 et
613 4301 654 4352 56.
