3074 4966
518 274 547 331 in
567 275 727 330 Messallam
746 273 913 330 Tibullieno.
986 326 989 336 ,
1247 277 1285 340 11

467 461 543 504 nam
566 444 617 504 ter
641 441 699 506 sub
724 438 823 504 armis
847 438 959 505 malim
984 441 1085 507 vitam
1110 462 1238 508 cernere

279 547 382 623 Quam
407 546 507 610 semel
530 546 625 612 modo
647 567 770 630 parere.

146 653 248 726 Etin
270 652 353 718 Anu.
377 654 456 718 202:

278 759 391 844 Ferro,
413 783 478 825 non
502 783 580 824 auro
603 760 706 825 vitam
730 781 895 826 cernamus
920 761 1057 845 utrique.

147 866 306 932 Cernendi
334 867 420 930 enim
447 867 583 931 verbum
610 889 682 931 oum
716 867 899 932 accusativo
929 867 1135 931 coniunctum
1163 869 1223 952 ita,
1251 875 1288 934 ut

144 973 212 1037 11111
244 973 364 1038 habeat
394 973 485 1037 verbi
518 973 706 1037 decernendi
738 973 776 1050 de
809 972 919 1057 aliqua
950 997 998 1057 re,
1030 974 1113 1056 apud
1145 973 1287 1039 Ennium

144 1080 299 1144 Plautum
325 1077 507 1143 Varronem
534 1080 707 1163 reperitur,
740 1102 759 1142 a
787 1079 979 1163 posterioris
1008 1081 1125 1144 aetatis
1155 1082 1288 1164 scripto·

144 1185 234 1277 ribus
269 1186 410 1249 alienum
440 1189 503 1268 est,
536 1187 588 1268 ua,
610 1191 647 1250 ut
678 1186 763 1250 hanc
793 1208 918 1270 vocem,
946 1187 974 1250 si
1005 1209 1071 1251 non
1104 1187 1143 1250 ab
1170 1187 1287 1271 Ennio,

145 1296 179 1357 at
207 1295 292 1356 certe
316 1315 336 1356 a
359 1293 534 1376 superioris
561 1294 679 1358 aetatis
704 1293 843 1378 quodam
868 1295 965 1375 poeta
990 1293 1181 1377 Panegyrici
1212 1295 1287 1358 scri·

143 1401 270 1482 ptorem
293 1398 462 1481 repetiisse
485 1399 553 1464 veri
577 1399 780 1464 simillimum
804 1399 856 1462 sit.

232 1504 380 1569 Plurima
401 1527 478 1569 vero
498 1506 554 1570 ille
572 1505 720 1570 hausisse
739 1505 866 1570 videtur
886 1527 903 1568 0
925 1505 1019 1569 libris
1038 1505 1180 1589 Lucreti,
1204 1530 1286 1590 quae

144 1611 292 1694 exempla
310 1633 382 1675 cum
402 1615 453 1676 sat
477 1612 582 1676 multa
605 1611 720 1676 afferre
743 1612 879 1696 possim,
902 1609 1013 1674 tamen
1035 1611 1070 1675 in
1092 1611 1143 1676 his
1167 1614 1286 1695 paucis

145 1739 226 1802 quae
249 1718 330 1781 satis
353 1739 423 1782 rem
446 1718 624 1802 declarant,
653 1718 864 1801 acquiescam.
909 1718 980 1782 Iam
1006 1740 1118 1782 versus
1149 1720 1286 1784 18-23

143 1824 329 1888 Lucretium
356 1825 516 1908 redolent,
542 1825 703 1908 imprimis
732 1824 809 1888 libri
836 1822 868 1888 V
890 1846 1002 1888 versus
1031 1823 1096 1886 449
1120 1847 1189 1909 sqq.
1235 1823 1287 1888 Ad

144 1931 279 1995 verbum
303 1934 413 1994 autem
436 1932 504 1995 fers
527 1931 621 1994 illum
644 1929 793 1994 imitatus
818 1934 867 1994 est
890 1932 988 2014 poeta
1010 1952 1106 1994 versu
1129 1931 1208 1994 211:
1234 1923 1238 1930 ’

276 2036 418 2120 Inceptis
442 2038 536 2102 dete
560 2037 729 2101 subtexam
753 2035 897 2100 carmina
920 2035 1043 2100 chartis

144 2143 325 2207 conl.Lucr.
332 2141 389 2226 Vl,
396 2143 454 2206 42:
476 2142 545 2218 Quo
560 2143 666 2226 magis
677 2143 843 2226 inceptum
857 2162 992 2225 pergam
1001 2146 1167 2225 pertexere
1177 2145 1285 2209 dictis:

129 2252 240 2333 atque
262 2249 293 2333 I,
311 2249 392 2313 419:
473 2248 536 2314 Sed
544 2271 629 2314 nunc
637 2252 675 2313 ut
683 2252 831 2332 repetam
840 2251 990 2330 coeptum
999 2252 1167 2331 pertexere
1182 2249 1286 2315 dictis.

143 2355 226 2420 Item
249 2379 345 2420 versu
369 2356 411 2419 22
434 2355 644 2438 panegyrista
667 2354 809 2437 scripsit:

273 2461 416 2527 Huicet
438 2465 607 2526 contextus
630 2461 752 2544 passim
775 2460 857 2525 fluat
878 2460 993 2544 igneus
1017 2462 1141 2544 aether,
1172 2535 1177 2554 ι

11 2605 13 2670 2
141 2567 310 2633 Lucretius
332 2567 435 2632 habet
457 2567 497 2652 V,
520 2567 585 2633 500
609 2571 642 2632 et
664 2567 742 2632 501:

726 2672 962 2757 liquidissimus
986 2673 1099 2737 aether

275 2779 384 2863 Atque
407 2781 591 2846 levissimus
615 2780 720 2845 aerias
745 2801 841 2862 super
863 2778 973 2843 influit
995 2801 1101 2844 auras.

141 2885 221 2950 Pan.
245 2885 321 2950 127:
432 2885 534 2951 Nulla
555 2908 614 2950 nee
638 2886 740 2950 aerias
764 2884 903 2949 volucris
926 2884 1106 2968 perlabitur
1131 2907 1239 2968 auras,

141 2992 234 3057 Lucr.
256 2990 304 3077 II,
331 2991 406 3056 145:
432 2991 478 3057 Et
500 2993 608 3058 uariae
631 2992 778 3056 volucres
800 3011 935 3055 nemora
954 2990 1027 3054 avia
1049 2991 1283 3076 pervolitantes

432 3097 520 3164 Aera
541 3120 598 3182 per
621 3102 769 3162 tenerum
793 3119 819 3161 e.
834 3118 863 3180 q.
879 3119 903 3161 1.

141 3203 247 3270 Multa
277 3209 444 3286 praeterea
476 3210 553 3270 sunt
585 3204 623 3268 de
656 3223 775 3286 genere
806 3202 931 3287 eodem,
968 3224 1050 3286 quae
1081 3202 1148 3266 iam
1179 3202 1285 3268 mitte.

140 3311 227 3375 Illud
254 3311 357 3375 vides:
388 3333 474 3394 eum,
506 3311 562 3394 qui
594 3309 829 3392 Panegy'ricum
857 3308 1052 3392 composuit,
1079 3307 1223 3373 Ennium
1252 3314 1284 3373 et

139 3417 326 3482 Lucretium
359 3421 505 3482 secutum
538 3437 621 3498 esse,
653 3415 687 3479 id
719 3415 805 3499 quod
837 3414 1114 3480 adulescentulum
1146 3416 1187 3478 ad
1214 3438 1283 3479 10111

140 3525 302 3608 poeticam
325 3523 466 3606 primum
490 3521 691 3605 tendentem,
715 3521 742 3584 11
765 3521 800 3585 in
823 3521 972 3587 manibus
996 3522 1026 3585 ei
1049 3521 1187 3585 fuissent
1205 3520 1284 3585 Ver·

142 3631 240 3714 gilius
265 3634 299 3694 ct
322 3628 469 3712 Ovidius,
491 3628 652 3693 facturum
676 3627 776 3691 fuisse
798 3628 853 3692 vix
875 3627 1067 3711 putaverim.

228 3736 274 3800 At
297 3735 384 3799 dicat
412 3734 573 3818 quispiam
600 3737 667 3798 tres
696 3755 766 3797 esse
789 3743 900 3798 versus
928 3733 963 3796 in
985 3733 1198 3817 Panegyrico,
1227 3735 1283 3817 qui

140 3866 179 3906 ex
202 3841 318 3906 Ouidio
342 3841 451 3905 hausti
475 3861 545 3904 esse
569 3841 712 3923 satisque
735 3838 899 3904 declarare
922 3840 1093 3904 videantur
1111 3838 1283 3922 Panegyri-

140 3971 213 4013 cum
242 3950 319 4030 post
350 3946 444 4011 Ovidi
475 3949 616 4011 aetatem
645 3966 714 4010 esse
748 3945 972 4028 compositum.
1022 3943 1144 4009 Versus
1174 3949 1282 4009 autem

138 4055 174 4118 hi
197 4057 286 4118 sunt:

139 4160 217 4224 Pan.
244 4160 320 4224 1611
511 4158 588 4223 Non
610 4159 713 4242 igitur
735 4180 847 4242 presso
871 4157 970 4221 tellus
995 4157 1125 4241 exurgit
1148 4159 1269 4240 aratr03

140 4264 232 4332 Ovid.
245 4263 323 4330 Met.
337 4263 396 4348 HI,
413 4265 489 4329 104:
512 4264 622 4348 Paret,
638 4268 671 4328 et
684 4269 722 4329 ut
735 4287 847 4348 presso
863 4264 988 4328 sulcum
1002 4262 1157 4347 patefecit
1172 4266 1281 4327 aratro

517 4369 651 4458 Spargit
673 4369 764 4436 humi
787 4371 893 4438 iussos
917 4418 1101 4438 .........
1125 4368 1245 4436 dentes.
