3074 4966
529 299 558 363 tn
576 296 736 360 Messallam
755 295 923 362 Tibullianoa
1259 295 1299 368 19
1358 355 1362 366 .

158 481 264 532 mores
284 470 317 531 et
343 482 345 486 ·
382 472 502 553 turam,
526 469 582 532 sed
605 491 715 533 omnes
738 473 854 553 poetae
877 470 1028 554 aequales
1052 466 1300 553 'reprehensione

157 578 386 658 persequamur
409 596 539 638 necesse
563 579 622 640 est.

248 677 310 743 sed
331 679 565 765 Hertzbergius
574 679 598 770 ¹)
621 681 692 746 fieri
710 703 806 766 posse
830 687 943 767 negat,
966 685 1003 746 ut
1025 683 1053 747 is
1079 683 1133 767 qui
1156 682 1300 766 Panegy-

157 785 218 849 rici
240 807 351 850 versus
377 788 572 855 181—189:

223 891 394 975 Languida
415 916 481 958 non
502 897 614 960 noster
635 896 767 979 peragit
789 896 883 960 labor
906 896 986 976 otia,
1010 896 1155 980 quamvis

224 997 381 1081 Fortuna,
404 1003 441 1064 ut
463 1022 534 1063 mos
558 1004 608 1064 est
630 1002 695 1085 illi,
717 1023 769 1066 me
794 1002 929 1068 adversa
949 1002 1077 1086 fatiget.

224 1101 309 1168 Nam
332 1105 414 1169 mihi
437 1127 509 1170 cum
532 1109 658 1190 magnis
683 1108 799 1192 opibus
823 1108 937 1174 domus
961 1109 1030 1174 alta
1051 1109 1185 1190 niteret,

168 1251 174 1264 ι
225 1207 285 1274 Oui
306 1211 435 1277 fuerant
458 1213 535 1277 flavi
558 1213 699 1278 ditantes
724 1215 836 1296 ordine
860 1211 955 1297 sulci,

223 1314 351 1381 Horrea
373 1317 525 1384 fecundas
550 1320 590 1384 ad
614 1321 797 1384 deficientia
819 1343 954 1404 messes,

223 1419 345 1507 Cuique
368 1447 465 1506 pecus
488 1426 586 1491 denso
609 1428 787 1511 pascebant
810 1427 940 1510 agmine
964 1426 1064 1491 eolles
1142 1415 1147 1423 ’

223 1527 282 1614 (Et
304 1529 434 1594 domino
459 1532 538 1596 satis
562 1536 595 1596 et
616 1534 754 1598 nimium
776 1534 903 1616 furique
926 1531 1090 1617 lupoque),

223 1635 317 1700 Nune
339 1636 534 1702 desiderium
557 1643 716 1724 superest:
739 1661 816 1703 nam
839 1660 915 1702 cura
936 1643 1088 1722 novatur,

225 1739 305 1806 Oum
327 1765 451 1809 memor
475 1750 549 1810 ante
573 1749 663 1810 actos
687 1768 814 1829 semper
836 1744 930 1808 dolor
953 1745 1106 1809 admonet
1129 1768 1229 1812 annos
1245 1783 1286 1791 —

158 1849 325 1933 scripserit
357 1854 390 1914 et
422 1852 619 1916 laudationis
656 1852 728 1917 loco
766 1851 915 1916 libellum
951 1851 1114 1916 flebilibus
1150 1851 1299 1935 precibus

158 1955 391 2021 redundantem
415 1959 648 2041 composuerit,
670 1957 768 2021 homo
794 1957 837 2021 sit
860 1957 1056 2022 verecundus
1080 1961 1113 2021 et
1136 1956 1301 2039 honestus,

157 2062 274 2126 nedum
288 2063 459 2146 ingenium
478 2065 628 2129 ostendat
647 2062 785 2144 Tibulli,
803 2084 900 2146 quem
918 2062 1004 2127 bona
1022 2067 1154 2128 externa
1170 2067 1300 2147 praeter

158 2190 268 2233 omues
301 2172 533 2254 contempsisse
566 2174 700 2236 constet.
755 2167 816 2234 Cui
848 2170 1027 2234 sententiae
1060 2170 1088 2234 si
1119 2165 1299 2252 Paldami2)

158 2273 340 2340 adiunxeris
363 2277 561 2362 opinionem,
585 2277 640 2361 qui
663 2276 832 2341 Tibullum
856 2276 1005 2340 omnibus
1029 2276 1124 2339 rebus
1148 2277 1300 2338 ornatum

157 2386 190 2446 et
213 2383 393 2467 copiosum,
417 2405 436 2446 a
459 2383 542 2448 euris
567 2387 600 2446 et
623 2381 897 2448 sollicitudinibus
921 2381 1190 2464 remotissimum,
1212 2381 1299 2445 volu·

156 2493 286 2571 ptatum
310 2490 462 2553 satietate
489 2488 651 2554 defessum
680 2492 713 2553 et
739 2510 839 2572 prope
868 2487 1073 2552 fastidiosum
1100 2488 1200 2552 fuisse
1228 2510 1300 2553 con-

156 2595 274 2679 tendit,
305 2595 461 2676 facillime
494 2596 679 2680 intelleges,
712 2618 793 2679 quos
825 2595 860 2659 in
891 2617 1016 2660 errores
1045 2594 1106 2658 viri
1133 2594 1184 2657 illi
1212 2593 1300 2662 docti

157 2703 309 2786 opinione
337 2703 555 2784 praeiudicata
581 2703 705 2767 inducti
732 2702 963 2767 descenderint.
1011 2700 1159 2783 Namque
1187 2698 1300 2763 Palda·

157 2831 229 2872 mus
261 2808 400 2891 primam
431 2808 508 2872 libri
539 2809 637 2891 primi
669 2810 810 2893 elegiam
841 2809 895 2873 vix
923 2807 1043 2891 legisse
1070 2807 1210 2890 videtur,
1243 2806 1300 2870 ubi

158 2912 239 2978 haec
262 2911 378 2976 habes:

200 3043 229 3085 v.
252 3019 287 3084 5:
387 3018 440 3084 Me
464 3042 536 3085 mea
556 3027 730 3108 paupertas
753 3011 823 3088 vita
844 3023 993 3086 traducat
1015 3019 1126 3103 inerti,

202 3148 231 3189 u.
254 3125 309 3189 25:
386 3126 457 3192 Iam
479 3129 574 3214 mihi,
597 3130 662 3195 iam
684 3131 809 3214 possim
832 3131 999 3194 contentus
1019 3127 1125 3192 vivere
1147 3148 1262 3209 parvo3

203 3253 231 3296 v.
256 3233 295 3296 19
310 3255 362 3318 sq:
385 3233 453 3299 Vos
473 3257 600 3320 quoque
622 3236 727 3300 felicis
751 3237 923 3320 quondam,
946 3255 1029 3298 nunc
1052 3233 1204 3316 pauperis
1228 3229 1299 3316 agri

436 3339 606 3424 Custodes,
628 3341 722 3405 fertis
744 3364 877 3408 munera
899 3344 1008 3405 vestra
1030 3339 1140 3404 Lares.

156 3443 371 3530 Hertzbcrgio
391 3449 499 3511 autem
519 3448 744 3530 opponendum
762 3453 821 3531 est,
836 3446 923 3512 aliud
943 3468 1013 3511 esse
1031 3449 1159 3510 tantum
1178 3444 1298 3509 habere

157 3556 313 3636 quantum
345 3553 385 3617 ad
416 3554 517 3618 vitam
548 3554 728 3636 degendam
755 3553 907 3644 sufficiat,
940 3552 1027 3617 aliud
1058 3551 1178 3615 habere
1205 3549 1298 3614 nihil.

156 3655 225 3722 Nee
248 3658 353 3742 video,
378 3659 454 3743 quid
482 3660 611 3724 tandem
638 3659 833 3725 humilitatis
861 3659 929 3723 illis
958 3657 1065 3722 verbis
1093 3657 1186 3741 insit,
1216 3676 1297 3741 quae

156 3765 267 3828 omnia
294 3766 470 3831 modestius
499 3789 596 3851 quam
622 3766 840 3851 impudentius
868 3765 954 3828 dieta
978 3768 1061 3827 sunt.
1107 3762 1198 3828 Idem
1220 3763 1298 3828 fecit

156 3867 365 3958 Vergilius3).

246 3977 352 4053 Quare
383 3981 565 4065 quicumque
595 3978 729 4044 humani
766 3977 894 4062 generis
926 3980 1075 4042 naturam
1107 3977 1297 4060 diligentius
1413 4047 1417 4054 ,

155 4137 368 4150 -α--ι--μῃι

229 4241 249 4312 ¹)
269 4242 369 4298 Annal.
389 4245 451 4300 Hal.
471 4262 489 4299 a
507 4244 598 4314 Rugio
617 4245 646 4298 et
663 4245 877 4312 Echtermeyero
897 4241 939 4295 ed.
959 4240 1013 4296 vol.
1032 4241 1058 4293 Π
1077 4243 1171 4309 (1839)
1189 4258 1215 4296 n.
1228 4245 1297 4300 429.

230 4331 250 4399 ²)
269 4331 345 4390 Erot.
364 4334 442 4388 Rom.
461 4351 488 4402 p.
509 4339 541 4386 51
561 4333 590 4386 et
609 4339 650 4386 56.

230 4420 352 4492 ll-Verg.
372 4423 422 4479 ecl.
442 4428 466 4478 9.
