3074 4966
248 309 290 372 38
330 306 333 313 ’
611 303 642 367 F.
661 310 785 366 Hunlrel:
805 309 839 365 de
857 307 1026 381 panegyrico
1087 383 1089 388 Ι

140 518 144 526 „
245 475 419 558 peregrini.
445 476 614 560 Nusquam
638 473 770 542 Cassius
788 473 852 538 Dio
876 478 1109 539 commemorat
1133 469 1293 540 exercitus
1315 463 1399 556 post

244 601 388 663 pugnam
416 580 585 646 Actiacam
612 583 774 666 dispersos
801 604 912 646 rursus
946 582 986 645 ab
1016 567 1197 646 Octauiano
1231 602 1300 646 esse
1328 580 1398 646 col·

246 684 357 751 lectos.
405 683 529 752 Contra
549 688 706 753 Messalla
733 688 828 754 initio
852 688 929 752 anni
954 687 1018 751 724
1040 687 1075 751 in
1097 685 1179 751 Asia
1201 684 1397 771 versatur1),

245 796 282 856 ut
315 797 428 876 gentes
459 795 684 881 civitatesque,
717 817 798 880 quae
829 794 974 858 Antonio
1006 793 1151 858 addictae
1183 793 1325 876 fuerunt,
1357 793 1397 856 in

249 896 419 966 Octaviani
450 905 647 984 potestatem
684 902 820 986 redigat.
878 899 949 976 Qua
982 900 1021 963 de
1052 921 1088 962 re
1125 919 1224 983 agens
1260 897 1395 964 Cassius

246 1004 310 1068 Dio
334 1029 411 1072 voce
435 1009 539 1073 utitur
556 1009 699 1088 detepuit,
722 1030 820 1092 quam
843 1007 927 1072 miro
951 1028 1058 1072 errore
1073 1005 1294 1070 Kindscherus
1318 1027 1396 1069 cum

245 1113 333 1179 bello
366 1114 562 1199 Aquitanico
600 1115 797 1180 commiscet.
850 1112 971 1196 Agitur
1004 1113 1091 1176 enim
1126 1134 1193 1176 non
1229 1113 1267 1176 de
1302 1112 1395 1175 bello

245 1219 442 1305 Aquitanico
466 1243 525 1284 nec
546 1221 585 1284 de
613 1221 685 1303 ipso
700 1218 881 1289 ¹Messallae
909 1219 943 1281 in
970 1217 1086 1283 Asiam
1112 1219 1242 1302 itinere,
1270 1218 1325 1283 sed
1352 1217 1396 1281 de

245 1325 482 1408 gladiatoribus
511 1326 718 1411 quibusdam,
742 1325 798 1409 qui
821 1325 966 1389 Antonio
996 1347 1091 1408 opem
1118 1325 1219 1390 laturi
1247 1347 1266 1388 a
1293 1323 1395 1389 Didio

247 1430 359 1514 Syriae
386 1433 579 1516 proconsule
608 1431 773 1497 domicilia
800 1436 1005 1516 acceperant,
1034 1432 1089 1496 sed
1116 1432 1258 1514 fereper,
1281 1431 1314 1494 id
1342 1435 1396 1494 est

246 1542 374 1621 postea,
397 1537 576 1603 Octaviano
599 1539 734 1603 iubente
752 1536 947 1603 Antiochiae
971 1537 1164 1603 aMessalla
1187 1537 1284 1602 occisi
1308 1542 1396 1602 sunt.

294 1705 297 1712 .
334 1642 396 1708 Sed
419 1648 456 1708 ut
480 1645 589 1728 opinio
614 1666 664 1709 me
687 1643 855 1726 fefellerit,
877 1647 988 1708 tamen
1010 1666 1076 1710 non
1099 1645 1206 1726 video,
1231 1663 1287 1707 cur
1309 1643 1395 1706 Mes-

245 1749 342 1834 salla,
367 1751 394 1814 si
420 1751 513 1816 annis
542 1751 605 1814 723
625 1754 658 1814 et
678 1750 742 1815 724
760 1749 943 1832 Aquitanos
968 1751 1190 1835 profligasset,
1216 1772 1281 1814 non
1306 1771 1393 1814 anno

246 1855 310 1920 725
338 1857 425 1922 bello
457 1857 546 1922 civili
575 1857 668 1922 finito
698 1855 963 1938 triumphaverit,
991 1857 1047 1921 sed
1077 1861 1152 1940 post
1182 1855 1216 1921 C.
1245 1855 1395 1922 Carrina-

244 1966 324 2044 tem,
353 1963 409 2047 qui
440 1985 524 2028 anno
553 1963 617 2028 725
646 1985 718 2028 eum
746 1961 850 2027 Gallis
879 1961 1113 2047 Germanisque
1141 1960 1396 2050 debellaverat2)
1454 1997 1459 2006 ·

245 2089 283 2132 ac
306 2067 510 2152 triumphum
533 2073 645 2152 egerat
669 2069 846 2151 1111110726,
870 2068 1001 2134 virtutis
1024 2069 1162 2134 honores
1189 2073 1222 2134 et
1246 2068 1396 2152 praemia

244 2174 288 2238 sit
320 2175 466 2259 adeptus.
521 2171 659 2240 Constat
692 2178 801 2239 autem
837 2175 924 2239 inter
961 2197 1087 2259 omnes,
1119 2176 1281 2260 consules,
1317 2197 1396 2239 cmn

245 2282 475 2364 magistratum
499 2280 744 2364 abdicavissent,
767 2304 825 2365 per
847 2281 1015 2346 biennium
1038 2282 1073 2345 in
1091 2283 1270 2365 provincia,
1293 2303 1393 2364 quam

246 2387 382 2470 quisque
410 2391 496 2451 esset
524 2388 674 2472 sort'tus,
702 2392 849 2454 versatos
879 2411 957 2453 esse.
1005 2387 1099 2464 Quod
1122 2411 1195 2453 cum
1218 2387 1394 2452 Messallae

245 2495 379 2573 propter
401 2493 526 2556 bellum
549 2515 623 2557 cum
643 2493 787 2559 Antonio
807 2495 983 2578 gerendum
1005 2517 1072 2559 non
1094 2495 1300 2579 contigisset,
1321 2495 1392 2559 veri

244 2596 350 2663 simile
381 2601 432 2662 est
455 2621 543 2683 eum,
573 2621 611 2664 ex
640 2598 721 2664 Asia
750 2623 822 2666 curn
852 2600 1032 2666 Octaviano
1062 2624 1242 2685 reversum,
1265 2602 1306 2665 ab
1330 2601 1392 2664 illo

243 2700 387 2768 Galliam
415 2703 661 2770 Narbonensem
689 2727 762 2772 cum
785 2706 964 2791 Aquitania
989 2707 1192 2790 provinciam
1220 2707 1393 2790 accepisse,

244 2831 317 2874 cum
344 2809 379 2874 in
406 2809 542 2895 Belgica
572 2811 740 2895 provincia
772 2813 1027 2878 administranda
1053 2811 1181 2878 Nonius
1211 2813 1325 2878 Gallus
1354 2809 1392 2876 C.

244 2912 445 2982 Carrinatem
460 2917 535 2982 inde
550 2917 756 2983 decedentem
775 2941 858 2983 anno
875 2918 939 2983 725
958 2917 1159 3005 exciperem).
1196 2918 1392 3002 Accepimus

245 3022 332 3086 enim
351 3026 457 3088 totam
476 3023 618 3088 Calliam
638 3024 678 3088 ab
701 3022 787 3089 Iulio
807 3021 943 3089 Caesare
963 3049 1048 3091 anno
1072 3025 1139 3090 fere
1164 3026 1228 3089 709
1252 3026 1286 3088 in
1309 3025 1391 3088 duas

242 3131 352 3210 partes
376 3151 446 3192 esse
470 3129 622 3194 divisam:
646 3151 744 3212 quam
768 3129 959 3194 divisionem
983 3130 1195 3214 Octavianus,
1219 3133 1281 3196 etsi
1305 3153 1391 3196 anno

243 3233 308 3300 715
325 3233 494 3320 Agrippae
513 3238 617 3300 totam
637 3233 779 3298 Galliam
799 3237 1019 3320 commiserat,
1042 3243 1153 3304 tamen
1173 3241 1249 3302 ante
1269 3259 1390 3302 annum

243 3340 306 3403 727
329 3363 396 3405 non
418 3341 545 3406 videtur
573 3339 785 3427 sustulisse4).
830 3341 985 3408 Messalla
1015 3345 1116 3430 igitur
1138 3344 1389 3410 Narbonensem

243 3467 315 3510 oum
343 3445 522 3530 Aquitania
554 3448 734 3514 obtinuisse
766 3448 876 3532 ibique
905 3451 997 3514 annis
1027 3451 1091 3516 725
1118 3451 1170 3516 vel
1200 3449 1390 3534 7261111111-

241 3553 328 3617 tanis
351 3553 587 3620 rebellantibus
616 3576 707 3618 arma
734 3555 884 3619 intulisse
914 3557 1049 3620 videtur.
1100 3556 1190 3634 Quae
1217 3579 1291 3622 mea
1318 3579 1390 3622 sen-

241 3660 345 3723 tentia
367 3682 432 3725 non
455 3683 492 3724 eo
515 3657 720 3744 infringitur,
743 3662 830 3745 quod
853 3663 945 3727 annis
971 3662 1035 3726 725
1058 3667 1091 3727 et
1116 3665 1179 3728 726
1207 3662 1279 3728 Iani
1307 3667 1389 3728 tem-

241 3765 333 3848 plum
351 3765 506 3832 clausum
534 3766 610 3849 fuit3
642 3788 720 3830 nam
747 3772 861 3833 auctor
888 3772 938 3833 est
965 3767 1061 3854 11105)
1087 3791 1128 3833 ne
1156 3773 1227 3834 tum
1256 3770 1389 3855 quidem

241 3872 404 3937 bellorum
427 3873 701 3940 intermissionem
724 3874 834 3940 fuisse.

316 4067 335 4135 ¹)
355 4067 409 4121 nso
428 4065 473 4136 nr,
492 4042 525 4124 rs

314 4154 533 4226 ἾΜῌΆ

313 4242 333 4311 ⁸)
353 4241 407 4297 mo
425 4244 498 4315 111,
517 4251 559 4301 20.

311 4332 333 4402 ⁴)
354 4333 425 4386 Vide
444 4335 605 4404 Zumptium
625 4333 702 4393 stud.
723 4334 803 4394 Rom.
823 4360 849 4410 p.
870 4343 911 4397 91.

313 4419 534 4500 CDMQM,
823 4441 830 4454 ⁴
