3074 4966
14 19 234 150 q.

504 447 535 507 in
553 449 712 508 Messallam
731 449 898 506 'l'ibulliano
1232 445 1272 511 21

129 621 265 702 totoque
279 617 363 681 libro
380 620 497 700 quarto
511 615 696 680 fabularum
714 619 849 681 ornatus
868 617 1000 680 omnino
1020 616 1123 682 abest.
1160 615 1276 698 Quare,

129 726 195 789 nisi
218 724 303 790 forte
326 745 403 788 casu
426 723 556 807 accidit,
579 727 616 787 111
638 723 744 806 prima
763 723 889 787 Tibulli
912 724 1056 788 carmina
1079 723 1214 806 multas,
1237 746 1275 787 ea
1502 683 1507 762 i

131 853 213 916 quae
241 830 300 894 sub
329 829 417 893 vitae
440 829 538 893 finem
561 829 682 912 scripta
706 834 782 894 sunt
807 852 909 913 paene
932 830 1040 894 nullas
1067 851 1119 893 res
1148 831 1188 893 ad
1211 851 1276 914 my-

128 936 315 1020 thologiam
348 939 537 1018 spectantes
574 935 775 1020 contineant,
807 936 873 1000 iam
905 937 939 1000 in
971 958 1044 1000 earn
1081 937 1275 1000 sententiam

130 1042 342 1107 concedamus
367 1045 509 1124 oportet,
532 1043 569 1104 ut
591 1045 724 1123 poetam
742 1042 860 1107 aetatis
879 1065 954 1106 suae
974 1042 1205 1107 consuetudine
1223 1065 1276 1105 ne·

129 1150 241 1232 glecta
262 1148 448 1212 fabularum
470 1168 565 1211 usum
593 1146 627 1209 in
650 1147 764 1230 elegiis
788 1149 911 1212 evitare
934 1149 1108 1231 studuisse,
1130 1148 1275 1213 funditus

129 1256 249 1320 tollere
271 1276 338 1318 non
363 1253 508 1337 potuisse
532 1253 722 1318 credamus.¹
753 1253 868 1338 Itaque
890 1254 983 1320 illam
1006 1255 1191 1320 fabularum
1215 1253 1276 1317 fre-

131 1362 299 1447 quentiam
326 1361 367 1426 ab
399 1360 635 1426 adulescentuli
663 1360 793 1443 ingenio
824 1383 890 1425 non
918 1361 1059 1425 alienam
1088 1382 1146 1424 nec
1176 1362 1297 1444 impe.

129 1470 275 1534 dimento
307 1490 377 1532 esse
408 1466 639 1552 iudicabimus,
670 1468 841 1550 quominus
874 1467 1007 1532 Tibullo
1039 1467 1276 1553 Panegyricum

129 1575 323 1640 tribuamus.
719 1611 728 1630 ·

221 1680 344 1747 Verum
381 1701 478 1764 aegre
514 1679 624 1745 ferunt
659 1679 893 1766 Hertabergius
931 1687 965 1747 et
1001 1682 1155 1765 Baebius,
1191 1682 1276 1766 qnod

130 1787 326 1872 Panegyriei
353 1787 492 1870 scriptor
520 1787 683 1852 erroribus
711 1787 819 1853 Ulixis
851 1791 1021 1854 narrandis
1056 1786 1089 1853 et
1116 1793 1276 1853 terrarum

129 1895 241 1980 plagis
259 1893 478 1957 describendis
496 1894 634 1960 nimium
654 1916 674 1958 a
691 1896 860 1979 proposito
881 1895 1089 1960 aberraverit.
1116 1895 1276 1979 Equidem

130 1999 329 2065 vitiumhoc
347 2020 417 2062 esse
435 1999 577 2064 libenter
596 2001 744 2086 concedo,
768 2003 916 2066 sedeam
935 2005 977 2068 ob
997 2024 1126 2067 causam
1145 2001 1277 2065 Tibullo

131 2128 263 2170 carmen
286 2105 368 2187 eripi
391 2104 507 2168 debere
531 2126 626 2190 nego.
665 2108 814 2192 Namque
838 2109 866 2172 si
889 2131 1057 2194 compares
1081 2109 1158 2172 libri
1180 2107 1278 2190 primi

132 2212 274 2294 elegiam
302 2211 489 2294 septimam,
517 2213 573 2276 ubi
602 2211 753 2278 Tibullus
781 2215 816 2278 in
841 2214 1016 2280 Messallae
1044 2211 1277 2295 triumphantis

132 2317 230 2382 laude
253 2340 385 2382 versans
410 2341 429 2382 a
451 2339 547 2382 versu
569 2319 611 2382 27
634 2341 735 2403 usque
759 2320 800 2384 ad
818 2342 947 2384 versum
970 2321 1012 2384 48
1034 2320 1072 2382 de
1091 2317 1220 2382 Baccho
1245 2323 1278 2382 et

131 2424 263 2489 Osiride
273 2424 373 2488 verba
388 2424 476 2506 facit,
489 2424 630 2508 librique
641 2426 771 2490 secundi
786 2426 924 2510 elegiam
939 2426 1095 2511 quintam,
1109 2424 1167 2489 ubi
1180 2429 1278 2508 poeta

133 2533 176 2595 de
199 2531 376 2596 Messalino
401 2551 523 2616 augure
546 2531 633 2596 facto
656 2532 792 2616 loquens
817 2532 976 2615 Sibyllam
1000 2533 1105 2597 multa
1132 2532 1170 2596 de
1198 2531 1278 2596 urbe

130 2638 242 2702 Roma
266 2637 431 2704 condenda
452 2641 639 2702 narrantem
662 2638 753 2723 facit,
776 2640 843 2703 iam
865 2639 1032 2704 fatendum
1055 2639 1118 2702 erit
1140 2638 1215 2702 illas
1239 2637 1278 2699 de

132 2744 233 2808 Ulixe
256 2745 356 2828 deque
382 2744 471 2807 zonis
494 2744 726 2829 digressiones,
750 2746 812 2809 etsi
837 2745 969 2810 minime
993 2745 1171 2809 laudandae
1195 2747 1279 2826 sunt,

132 2855 248 2914 tamen
275 2850 431 2933 exemplis
459 2872 497 2913 ex
525 2850 605 2932 ipsis
634 2852 749 2935 elegiis
781 2852 981 2934 depromptis
1009 2852 1057 2916 ita
1085 2849 1278 2933 confirmari,

133 2960 174 3018 ut
200 2955 235 3019 in
257 2954 459 3040 Panegyrico
487 2956 636 3021 ferendae
666 2957 741 3020 sint.
792 2956 854 3022 Sed
881 2958 920 3021 de
948 2958 1020 3040 ipsa
1047 2978 1201 3021 zonarum
1229 2955 1279 3018 de

136 3061 310 3144 scriptione
333 3063 444 3147 paullo
467 3067 543 3147 post
565 3063 716 3126 dicemus.

226 3167 272 3232 Ae
290 3191 332 3232 ne
350 3169 431 3234 illud
451 3170 580 3254 quidem
600 3191 672 3234 cum
691 3169 924 3234 adulescentuli
945 3169 1090 3233 moribus
1109 3169 1279 3252 discrepat,

138 3273 223 3356 quod
244 3274 441 3360 Panegyrici
464 3277 603 3359 scriptor
632 3275 787 3357 exemplis
815 3275 945 3358 longius
972 3275 1085 3358 petitis
1110 3275 1158 3338 uti
1187 3274 1279 3338 solet.

134 3377 222 3444 Nam
245 3402 319 3445 eum
340 3385 438 3465 poeta
455 3403 514 3446 nec
533 3381 660 3464 generis
677 3381 852 3444 nobilitate
871 3403 930 3444 neo
954 3380 1085 3464 ingenio
1104 3377 1278 3444 Messallae

133 3486 278 3552 favorem
299 3488 363 3552 sibi
381 3509 497 3571 parare
512 3509 547 3551 se
560 3509 656 3571 posse
671 3489 824 3570 speraret,
844 3487 1009 3553 doctrinae
1025 3487 1142 3550 saltem
1162 3485 1278 3548 studiis

135 3597 171 3656 et
197 3594 351 3659 scientiae
379 3595 529 3660 ubertate
557 3593 608 3658 illi
636 3615 670 3657 se
702 3594 928 3658 commendare
956 3592 1069 3657 voluit.
1119 3591 1279 3674 Equidem

133 3699 219 3762 illud
246 3721 313 3766 non
338 3702 525 3786 negaverim
553 3700 638 3786 quod
661 3699 762 3764 habet
790 3697 994 3784 Dissenus¹)‚
1022 3696 1141 3762 ‘malos
1164 3701 1279 3781 poetas

133 3806 249 3889 cupide
274 3807 429 3892 arripere,
453 3807 481 3870 si
505 3807 581 3890 quid
600 3811 749 3873 ornatum
768 3809 801 3868 et
820 3806 1024 3890 splendorem
1044 3805 1157 3870 afferre
1175 3804 1280 3868 videa·

27 3929 30 4002 ‘4
131 3915 203 3994 tur3
226 3934 338 3979 reram
360 3917 469 3978 autem
493 3913 600 3997 legem
624 3915 659 3978 in
676 3935 737 3977 usu
755 3912 994 3994 digressionum
1012 3934 1096 3995 esse,
1119 3914 1156 3974 111
1173 3915 1281 3993 poeta,

28 4017 31 4090 ’ς
132 4019 199 4082 etsi
223 4018 370 4084 videatur
392 4019 519 4104 digredi
541 4019 671 4104 longius
692 4041 712 4083 a
733 4018 878 4082 themate
902 4019 996 4102 quasi
1019 4018 1133 4082 ardore
1155 4015 1280 4100 ingenii

29 4135 31 4152 '
132 4123 306 4209 abreptus,
328 4149 441 4192 revera
462 4150 502 4192 ne
525 4126 659 4192 verbum
683 4126 813 4210 quidem
836 4125 1224 4208 dicat'supervaeaneum
1248 4128 1280 4186 et

131 4231 222 4316 quod
243 4253 311 4296 non
332 4235 516 4316 postuletur
539 4255 664 4298 summo
684 4233 819 4298 consilio
839 4232 991 4298 carminis
1011 4235 1044 4294 11
1062 4230 1138 4294 huic
1155 4229 1281 4314 prosit'.

132 4337 201 4403 Sed
228 4336 309 4402 haec
337 4341 418 4404 artis
445 4341 590 4424 poeticae
613 4344 786 4425 praecepta
808 4343 922 4422 postca
945 4337 1084 4401 fortasse
1107 4337 1142 4400 in
1166 4335 1280 4419 elegiis

133 4479 353 4493 ...n-amn-

205 4565 231 4637 .¹)
250 4568 288 4622 aa
306 4567 409 4624 uiam.
428 4565 453 4622 11
471 4587 499 4640 p.
518 4545 578 4626 111.

191 4666 291 4710 Haukel.
1051 4659 1067 4706 3
