3074 4966
439 249 443 258 ’
527 274 557 330 in
575 275 736 330 Messallam
755 272 925 330 cesariano.
1258 274 1299 338 39

244 437 333 515 Quae
357 460 429 503 cum
452 439 501 504 ita
520 439 600 521 sint,
624 461 697 502 cum
714 438 839 502 bellum
854 437 1087 522 Aquitanicam
1106 459 1170 502 uon
1189 439 1301 521 paucis

147 544 222 608 illis
245 545 410 609 mensibus
434 546 520 610 inter
542 565 687 628 pugnam
701 544 871 608 Actiacam
895 549 928 608 et
941 543 1115 610 Messallae
1138 545 1172 608 in
1185 543 1300 610 Asiam

149 651 330 716 adventum
358 651 551 734 interiectis,
582 651 638 715 sed
665 673 749 716 anno
778 651 844 715 fere
877 652 940 716 726
967 655 1098 734 gestum
1134 673 1204 715 esse
1233 651 1301 716 veri

149 756 261 820 simile
280 757 336 840 sit,
358 758 499 840 primam
518 758 612 822 illam
626 756 800 840 rationem,
820 779 916 842 quam
935 760 1063 824 secutus
1078 749 1299 828 Kindscherus

147 863 310 952 plurimas
333 863 411 928 libri
433 865 532 948 primi
550 862 677 927 Tibulli
695 863 817 946 elegias
841 863 1016 948 ordinavit,
1039 863 1199 928 refellisse
1217 863 1299 928 mibi

148 968 272 1034 videor.
794 1031 799 1040 ,

240 1075 309 1140 Nec
340 1076 414 1159 plus
446 1076 691 1160 probabilitatis
719 1077 832 1159 habet,
866 1076 952 1160 quod
985 1098 1024 1140 ex
1057 1075 1298 1158 comparatione

147 1182 406 1248 Horatianorum
430 1204 502 1248 curn
522 1181 720 1247 Tibullianis
745 1183 943 1247 carminibus
963 1182 1077 1246 elicere
1101 1182 1158 1246 ille
1177 1182 1298 1246 studet:

150 1311 299 1373 quaeres
319 1290 367 1354 ita
382 1289 541 1353 fluctuant
556 1292 653 1373 atque
669 1290 747 1354 adeo
767 1289 801 1352 in
814 1292 1122 1371 utramquepartem
1144 1288 1298 1371 explicari

148 1400 302 1480 possunt,
326 1400 362 1460 ut
387 1396 432 1459 cis
457 1395 568 1460 eodem
592 1395 660 1459 iure
689 1396 729 1460 ad
753 1417 859 1460 meam
887 1394 1083 1458 sententiam
1110 1394 1298 1460 confirman-

150 1503 227 1566 dam
249 1501 299 1567 uti
321 1501 402 1566 mihi
426 1499 532 1565 liceat.

152 1615 159 1620 ‘
240 1608 487 1673 Insaturarum
510 1608 639 1692 quidem
662 1609 756 1674 libris
780 1607 905 1672 Tibulli
932 1609 1074 1673 nondum
1098 1609 1220 1674 mentio
1247 1610 1297 1693 fit,

150 1715 209 1778 sed
232 1719 340 1780 exstat
363 1715 431 1780 cius
454 1737 572 1779 nomen
592 1715 627 1779 in
650 1719 765 1799 quarta
789 1714 1003 1798 epistularum
1026 1715 1105 1779 libri
1122 1714 1222 1798 primi
1239 1715 1298 1779 ibi-

151 1843 215 1904 que
239 1821 388 1886 Tibullus
414 1822 598 1905 appellatur
624 1821 826 1886 ‘sermonum
849 1820 983 1884 candide
1010 1819 1131 1884 iudcx'.
1167 1820 1206 1886 In
1234 1843 1298 1906 quo

149 1926 271 1992 fefellit
286 1927 538 2011 Kindscberum,
558 1927 643 2011 quod
663 1925 858 1991 ³scrmones'
878 1926 916 1990 de
938 1927 1017 1991 solis
1038 1927 1156 1991 saturis
1176 1927 1298 1992 dictum

151 2056 221 2098 esse
249 2037 352 2117 putat.
401 2033 488 2098 Nam
520 2055 592 2098 cum
619 2032 776 2099 Horatius
805 2034 949 2098 carmina
979 2034 1038 2099 illa
1066 2034 1187 2116 omnia,
1216 2057 1298 2118 quae

150 2143 256 2204 metro
287 2139 417 2204 heroico
447 2140 591 2223 scripsit,
622 2162 785 2205 sermones
816 2161 886 2204 esse
913 2135 1025 2225 velie)
1053 2161 1189 2224 cumque
1216 2139 1298 2203 illud

152 2245 356 2311 ‘sermonum
383 2247 516 2310 candide
540 2245 650 2310 iudex'
680 2247 713 2310 in
740 2247 811 2329 ipsa
834 2246 975 2329 epistula
998 2246 1135 2329 dicatur,
1158 2246 1298 2310 maxime

156 2357 408 2418 consentaneum
436 2374 506 2428 esse
534 2351 674 2434 videtur,
697 2356 734 2415 ut
756 2350 924 2416 Tibullum
952 2352 992 2416 ab
1016 2350 1154 2416 Horatio
1182 2351 1300 2436 epium

153 2459 259 2523 larum
273 2459 333 2530 ille
347 2462 493 2541 tempore
509 2459 816 2542 componendarum,
833 2479 896 2541 quo
915 2458 950 2522 in
968 2477 1085 2541 genere
1105 2457 1201 2523 amici
1219 2458 1300 2524 iadi-

151 2565 236 2629 cium
252 2564 513 2649 existimatioque
527 2587 594 2628 non
606 2565 715 2649 potuit
727 2587 794 2628 non
807 2564 984 2647 plurimum
997 2564 1119 2646 valere,
1137 2563 1298 2630 arbitrum

151 2692 188 2735 ac
202 2671 341 2736 iudicem
355 2671 540 2738 adhibitum
555 2693 625 2736 csse
640 2674 829 2737 statuamus.
852 2670 1077 2752 Epistularum
1092 2674 1200 2735 autem
1214 2670 1297 2734 liber

1 2770 2 2798 ¹
131 2776 275 2858 primus
298 2797 365 2840 non
388 2782 463 2841 ante
487 2799 588 2841 annos
614 2775 841 2842 734ve1735
868 2776 903 2840 in
930 2776 1035 2841 lucem
1062 2757 1210 2859 prolatus
1239 2781 1297 2861 cst,

151 2886 201 2964 ut,
225 2882 364 2945 etamsi
390 2882 475 2946 forte
504 2887 579 2953 ante
606 2885 700 2948 illum
730 2905 849 2948 armum
871 2881 1029 2946 Horatius
1057 2881 1092 2945 in
1119 2902 1156 2944 eo
1185 2883 1298 2946 carmi-

150 3009 228 3052 num
257 3007 375 3071 genere
404 2987 636 3073 elaboraverit,
663 2993 773 3054 tamen
799 2988 854 3052 vix
883 3009 921 3051 ex
950 3008 1035 3051 anno
1065 2985 1129 3050 725
1157 2987 1297 3070 epistula

152 3097 269 3176 quarta
299 3093 359 3158 illa
389 3095 494 3178 repeti
526 3118 621 3180 posse
653 3096 808 3160 videatur.
860 3093 909 3158 Ac
942 3094 970 3158 si
1001 3113 1115 3158 revera
1146 3090 1297 3156 Tibullus

154 3198 251 3262 etiam
278 3204 463 3264 saturarum
484 3202 580 3267 iudex
603 3202 741 3267 Horatio
769 3200 944 3284 extitisset,
971 3203 1081 3264 tamen
1103 3198 1155 3262 vel
1178 3197 1297 3261 haere

152 3303 234 3368 nihil
268 3306 462 3391 efficeretur,
494 3308 559 3371 nisi
591 3311 628 3372 ut
658 3306 717 3371 illo
749 3307 816 3370 iam
833 3310 992 3388 ¹tempore
1025 3303 1190 3368 Tibullum
1224 3326 1297 3368 cum

150 3409 288 3476 Horatio
313 3412 519 3478 coniunctum
541 3413 641 3478 tuisse
664 3416 861 3496 putaremus.

241 3518 335 3594 Quod
360 3524 469 3585 autem
492 3519 658 3584 Tibullum
681 3518 716 3582 in
738 3518 879 3602 epistula
901 3518 959 3582 illa
990 3539 1061 3582 cum
1086 3514 1198 3581 Cassio
1221 3516 1298 3580 Par-

151 3623 256 3686 mensi
273 3628 386 3709 poeta,
405 3628 461 3710 qui
476 3624 647 3691 ‘fortasse’
663 3647 747 3690 anno
768 3626 832 3690 724
851 3625 975 3689 occisus
994 3626 1044 3687 est
1062 3622 1216 3706 cuiusque
1231 3644 1297 3686 car-

151 3729 240 3793 mina
264 3728 436 3795 ‘fortasse'
460 3754 522 3796 uno
540 3732 592 3796 vel
611 3732 735 3796 duobus
756 3732 847 3796 aunis
871 3733 946 3813 post
969 3731 1106 3792 mortem
1126 3728 1296 3811 scriptoris

150 3835 185 3899 in
204 3836 372 3918 publicum
391 3837 592 3922 prodierunt,
611 3838 736 3902 confert
749 3836 921 3919 Horatius,
939 3855 1005 3899 non
1024 3857 1096 3899 cum
1115 3833 1296 3918 Properti0,

152 3942 208 4025 qui
230 3943 373 4024 primurn
395 3943 517 4007 librum
540 3944 717 4027 elegiarum
741 3945 871 4007 auctore
888 3941 1096 4006 Lachmanno
1121 3962 1206 4004 anno
1232 3940 1296 4005 725

151 4052 307 4132 vergente
334 4049 387 4112 vel
415 4052 500 4112 certe
528 4049 658 4114 incunte
689 4051 752 4114 726
781 4048 893 4131 edidit,
921 4049 953 4112 id
985 4048 1068 4112 nihil
1096 4048 1228 4112 omnino
1256 4048 1296 4112 ad

151 4175 221 4217 rem
242 4154 393 4238 pertinet.
435 4153 524 4232 Nam.
547 4177 619 4220 cum
643 4154 757 4220 Cassio
780 4153 948 4219 Parmensi
972 4152 1071 4219 etiam
1094 4153 1197 4218 multo
1220 4157 1297 4242 post

226 4382 245 4452 ¹)
265 4381 337 4438 Vide
356 4382 445 4456 Epist.
464 4385 498 4454 H,
519 4391 542 4453 1,
562 4390 587 4440 4.
606 4388 670 4451 2503
689 4384 741 4437 art.
760 4383 835 4453 poet.
856 4387 897 4440 69.
1099 4453 1104 4460 ἱ

1047 4473 1084 4528 4*
