3074 4966
505 383 535 440 in
553 383 712 440 Messallam
731 383 899 440 Tibulliano.
1236 383 1279 447 33

225 547 428 633 Quamquam
447 549 550 632 igitur
567 571 634 614 non
652 549 783 632 ignoro,
803 571 900 632 quam
919 549 1023 612 multa
1043 548 1108 612 sint
1126 549 1161 612 in
1179 547 1280 614 Pane-

129 656 246 739 gyrico
277 655 370 720 rudia
397 658 430 718 et
457 654 611 718 incohata
642 654 835 737 Tibulloque
864 656 993 738 qualem
1021 676 1055 718 se
1082 655 1218 737 praebet
1246 655 1281 718 in

129 761 247 845 elegiis
277 762 424 846 indigna,
447 765 558 826 tamen
585 761 664 824 haee
693 760 774 824 vitia
801 783 868 825 non
891 782 929 824 ea
959 782 1028 824 esse
1052 760 1215 843 existimo,
1243 763 1280 823 ut

129 889 264 930 carmen
294 867 425 932 Tibullo
456 867 631 950 eripiamus
659 887 790 930 necesse
820 867 877 951 sit,
907 867 1025 950 quippe
1058 889 1139 950 quae
1170 867 1279 932 omnia

129 972 267 1036 iuvenili
289 977 407 1056 poetae
430 976 538 1038 aetate
564 977 764 1036 excusentur.

221 1077 343 1142 Verum
365 1079 445 1143 haec
467 1077 684 1162 Hertabergio
693 1075 716 1165 ¹)
739 1101 805 1144 non
827 1081 1026 1162 placuerunt.
1058 1079 1170 1144 Artem
1192 1079 1277 1144 enim

131 1207 286 1252 versuum
308 1187 552 1269 pangendorum
571 1185 604 1246 st
621 1206 730 1247 rerum
748 1185 996 1268 digerendamm
1014 1187 1176 1252 rationem
1199 1186 1279 1250 dicit

131 1292 243 1356 studio
268 1297 301 1356 et
326 1293 497 1376 diligentia
519 1291 703 1374 comparari
726 1282 871 1375 discique
895 1315 1004 1376 posse,
1030 1293 1086 1356 sed
1110 1293 1277 1376 ingenium

131 1401 169 1460 et
191 1399 291 1461 animi
315 1397 584 1482 magnitudinem,
608 1397 636 1460 si
658 1419 724 1462 non
743 1398 856 1462 innata
874 1399 941 1462 sint
960 1403 993 1463 et
1017 1423 1036 1464 a
1058 1402 1175 1464 natura
1192 1399 1278 1480 data,

131 1504 298 1568 neminem
316 1526 411 1586 posse
430 1505 571 1568 induere.
605 1503 694 1578 Quae
713 1525 811 1586 quam
828 1526 887 1586 per
906 1527 940 1568 se
958 1508 1045 1569 recte
1068 1525 1103 1567 se
1125 1503 1278 1586 habeant,

130 1633 230 1676 nemo
246 1632 313 1676 non
335 1609 510 1694 intessegie3
535 1610 591 1674 sed
609 1609 790 1693 videndum,
813 1633 853 1673 na
871 1611 1101 1694 panegyristae
1124 1610 1276 1674 inimiam

130 1718 300 1782 faciamus,

223 1825 272 1888 Ac
304 1823 342 1886 de
370 1822 595 1887 illiberalitate
628 1826 660 1886 11
691 1823 890 1907 humilitate,
918 1846 1016 1908 quam
1042 1823 1277 1907 Hertzbergius

131 1929 327 2014 Panegyrioi
342 1929 494 2011 scriptori
509 1929 625 2012 obicit,
641 1930 707 1994 iam
722 1925 849 2013 1111112)
864 1929 1018 1994 diximus:
1033 1929 1123 1997 cuius
1138 1931 1279 2013 vestigia

132 2037 164 2100 si
182 2037 319 2102 velimus
343 2035 443 2098 etiam
467 2035 502 2098 in
525 2034 646 2099 Tibulli
665 2035 780 2118 elegiis
799 2035 967 2117 indagare,
986 2035 1091 2098 multa
1114 2039 1148 2099 et
1165 2037 1279 2119 gravia

121 2143 296 2208 inventuri
312 2142 421 2206 simus.
445 2141 532 2206 Nam
547 2141 575 2204 si
590 2141 630 2204 ad
645 2163 803 2205 summam
819 2163 968 2206 normam
986 2142 1155 2207 hominum
1171 2143 1279 2208 officia

132 2248 252 2314 referre
276 2249 478 2331 maximeque
505 2250 653 2312 nostram
677 2247 837 2311 sentiendi
865 2250 898 2310 et
925 2248 1088 2314 iudicandi
1116 2248 1277 2312 rationem

132 2358 168 2418 et
188 2354 454 2420 consuetudinem
473 2352 679 2436 antiquitatis
702 2352 803 2418 fuisse
823 2357 1051 2436 statueramus,
1069 2375 1176 2418 nonne
1195 2375 1278 2418 sum-

132 2483 205 2524 mae
229 2464 314 2526 esset
332 2459 562 2543 turpitudinis,
583 2459 670 2544 quod
688 2446 837 2524 Tibullus
860 2463 980 2543 nuptae
1003 2459 1117 2525 Deliae
1140 2459 1276 2525 insidias

132 2566 250 2650 parat?
279 2565 427 2642 Quantae
445 2566 643 2630 humilitatis
657 2569 786 2631 estnon
804 2587 902 2630 saeva
915 2567 1059 2650 verbera,
1077 2591 1144 2632 non
1161 2567 1277 2650 pedum

132 2673 264 2737 vincula
283 2670 473 2757 recusare3),
496 2674 533 2736 ut
554 2673 683 2755 puellae
702 2694 811 2738 amore
834 2676 932 2755 poeta
954 2671 1103 2737 fruatur?
1139 2672 1276 2748 Quantis

132 2779 287 2844 sordibus
301 2779 438 2844 refertae
454 2783 530 2844 sunt
544 2778 622 2842 libri
641 2779 738 2862 primi
758 2778 882 2861 elegiae
897 2783 1026 2863 quarta,
1040 2801 1139 2862 nona,
1154 2782 1278 2844 octava.
1350 2798 1367 2834 .·

133 2884 261 2960 Quibus
276 2885 371 2948 rebus
389 2886 537 2950 omnibus
551 2884 698 2969 profecto
712 2907 779 2949 non
793 2885 895 2948 animi
913 2884 972 2948 illa
989 2885 1136 2967 proditur
1154 2885 1278 2967 magni-

131 2991 227 3076 tudo,
246 3013 343 3074 quam
361 2990 594 3075 Hertzbergius
613 2992 649 3054 in
666 2986 870 3074 Panegyrico
890 2991 1059 3074 desiderat,
1083 2991 1138 3054 sed
1162 2991 1279 3074 impro-

133 3097 221 3162 bitas
234 3101 351 3181 poetae
366 3103 604 3182 conspiceretur
619 3100 652 3160 et
665 3097 835 3162 humilitas
839 3147 849 3180 ,
868 3097 962 3161 sires
977 3097 1017 3162 ad
1035 3101 1166 3162 nostras
1180 3097 1280 3162 ratio·

135 3224 192 3264 nes
211 3225 444 3268 revocaremus.
471 3203 503 3268 N
505 3227 540 3269 ee
555 3205 716 3289 equidem,
735 3203 764 3266 si
782 3204 820 3266 de
839 3226 912 3269 meo
927 3225 1023 3267 sensu
1041 3203 1183 3268 iudicare
1197 3203 1279 3267 mihi

137 3309 223 3394 licet,
247 3291 397 3375 omnibus
421 3311 503 3375 locis
525 3311 560 3374 in
583 3310 777 3376 Tibullianis
801 3310 915 3392 elegiis
943 3309 1004 3373 illa
1026 3309 1163 3394 ingenii,
1192 3310 1278 3392 quod

133 3415 366 3500 Hertrbergius
393 3416 428 3480 in
456 3417 581 3482 caelum
609 3417 714 3500 effert,
741 3415 883 3499 vestigia
908 3416 1049 3498 reperire
1077 3416 1185 3500 potui,
1213 3416 1279 3480 nisi

132 3521 230 3605 forte,
263 3546 345 3607 quae
373 3524 408 3588 in
435 3523 512 3587 libri
546 3523 643 3606 primi
671 3522 776 3606 elegia
809 3522 947 3605 septima
973 3521 1012 3585 de
1041 3519 1150 3585 Gallia
1177 3524 1210 3584 11
1239 3521 1277 3584 de

134 3627 234 3712 Osiri,
261 3629 297 3693 in
324 3630 431 3713 elegia
459 3634 576 3714 quarta
603 3629 746 3694 eiusdem
774 3629 851 3693 libri
879 3629 917 3692 de
940 3626 1060 3711 Priapo
1087 3630 1186 3710 poeta
1215 3627 1277 3691 dis·

133 3735 227 3818 serit,
255 3735 422 3820 ingeniose
451 3737 537 3800 dicta
565 3740 648 3800 sunt.
699 3734 851 3818 Inprimis
881 3756 958 3800 vero
989 3733 1072 3798 illud
1104 3734 1277 3798 tenendum

133 3844 195 3924 est,
220 3841 401 3906 aliudesse
425 3864 556 3908 carmen
579 3843 719 3927 epicum,
743 3841 831 3905 aliud
856 3840 999 3904 carmina
1023 3840 1165 3904 scribere
1189 3863 1276 3904 ama-

132 3948 227 4012 toria.
272 3947 427 4025 Videmus
452 3950 537 4013 enim
562 3949 821 4014 adulescentulos
844 3947 973 4033 puellae
1001 3968 1110 4012 amore
1136 3946 1278 4029 primum

133 4054 266 4117 affectos
290 4056 434 4120 carmina
457 4056 592 4122 condere
616 4057 753 4120 eximiae
778 4054 956 4120 dulcedinis
981 4075 1079 4137 esque
1110 4057 1143 4116 et
1169 4075 1277 4119 rerum

131 4160 325 4225 tractatione
345 4165 377 4226 et
396 4163 552 4227 orationis
571 4162 825 4228 conformatione
843 4183 945 4244 paene
964 4159 1114 4224 omnibus
1133 4160 1276 4224 numeris

208 4319 226 4386 ¹)
245 4318 345 4374 Annal.
365 4319 496 4390 antiquit.
516 4321 589 4376 stud.
610 4337 635 4374 a.
656 4325 769 4374 185411.
789 4324 833 4372 45.

205 4406 405 4478 bamus

205 4496 506 4568 amaena
