3074 4966
501 305 709 372 inuasurum
729 307 896 373 antuniana.
1252 301 1268 373 7
1305 316 1308 321 ·

123 477 213 545 tasse
232 476 435 545 conditurum
454 502 533 545 esse.
560 481 717 547 Attamen
735 482 819 548 hanc
837 483 879 547 ob
898 504 967 546 rem
985 503 1026 546 ne
1046 479 1269 546 aWeicherto

126 587 255 671 quidem
278 585 435 651 Horatius
459 588 495 651 in
516 589 681 673 epicorum
699 611 868 669 numerum
886 589 1034 652 refertur.
1063 589 1168 665 Quare
1186 588 1270 652 nihil

126 715 242 758 causae
279 716 348 757 esse
384 694 525 778 videtur,
562 717 619 760 cur
655 695 689 763 in
721 693 822 778 Valgi
857 693 1164 760 commemoratione
1196 694 1271 758 haea

125 821 264 864 reamus.
843 865 851 880 ,
956 873 958 882 ,

216 905 279 970 Sed
305 906 371 970 iam
398 905 575 991 videamus,
607 908 684 992 quid
711 908 856 992 Heynius
885 930 977 972 suam
1005 906 1045 971 ad
1076 907 1270 970 sententiam

125 1012 400 1096 comprobandam
422 1015 631 1096 congesserit.

213 1119 322 1203 Atque
346 1119 381 1181 in
403 1119 519 1203 vulgus
542 1126 656 1186 notum
685 1125 734 1186 est
757 1121 1017 1187 adulescentulos
1045 1120 1080 1184 in
1102 1120 1270 1185 rhetorum

126 1225 246 1290 scholis
260 1224 428 1309 praeclara
444 1227 576 1292 nomina
594 1233 651 1293 aut
663 1229 751 1294 facta
764 1229 976 1313 inprimisque
992 1250 1043 1310 ea,
1063 1250 1144 1310 quae
1164 1231 1271 1292 essent

126 1336 184 1396 aut
207 1332 248 1395 ab
268 1331 339 1415 ipso
357 1332 508 1416 Augusto
528 1339 585 1399 aut
603 1335 644 1400 ab
664 1336 776 1400 amicis
796 1336 864 1399 eius
884 1338 989 1419 gesta,
1007 1354 1187 1417 proponere
1207 1333 1270 1398 ribi

126 1437 242 1503 solitos
263 1460 336 1504 ,esse
360 1461 441 1522 qnae
466 1441 612 1505 versibus
638 1446 671 1507 et
693 1441 879 1506 laudatione
903 1444 1179 1524 persequerentur.
1220 1439 1270 1504 Eo

127 1549 237 1608 autem
264 1543 432 1610 rhetorum
459 1568 549 1611 mors
571 1547 717 1632 Heynius
743 1549 825 1612 dicit
853 1547 974 1611 factum
999 1568 1083 1630 esse,
1111 1549 1147 1609 ut
1174 1568 1271 1630 pane·

126 1651 258 1734 gyricus
291 1650 327 1713 in
356 1651 545 1717 Messallam
577 1659 832 1740 componeretur.
887 1653 958 1730 Qua
989 1653 1024 1716 in
1059 1674 1094 1716 re
1131 1652 1272 1735 primum

127 1758 305 1841 quaeritur,
325 1762 435 1822 utrum
458 1760 658 1826 versificator
677 1761 733 1826 ille
751 1761 784 1824 id
803 1760 1012 1845 spectaverit,
1035 1762 1072 1822 ut
1090 1758 1270 1822 clarissimo

128 1863 252 1928 Tibulli
274 1864 399 1928 nomini
429 1888 522 1929 suum
544 1888 674 1932 carmen
697 1869 870 1950 subiceret,
894 1889 936 1930 an
964 1864 1089 1928 Tibulli
1111 1864 1273 1928 rationem

127 1969 258 2033 omnino
281 1980 347 2034 non
369 1969 494 2034 habens
521 1971 648 2036 nullum
673 1972 759 2036 aliud
782 1972 954 2037 consilium
978 1972 1021 2035 sit
1045 1973 1186 2054 secutus,
1208 1971 1272 2035 nisi

129 2080 166 2139 ut
189 2075 401 2158 scriptitando
426 2081 459 2141 et
481 2077 629 2143 versibus
652 2077 808 2142 faciendis
831 2075 1061 2142 benedicendi
1084 2077 1273 2142 facultatem
1305 2085 1308 2090 '

129 2182 193 2246 sibi
206 2187 349 2266 pararet:
369 2205 505 2268 quorum
518 2187 690 2267 utrumque
705 2208 724 2249 a
738 2184 849 2248 multis
865 2204 960 2266 saepe
974 2183 1098 2247 factum
1113 2205 1182 2247 esse
1201 2204 1273 2247 con-

36 2327 40 2334 ·
129 2292 203 2352 stat.
235 2288 304 2353 Nec
328 2288 469 2354 difficilis
493 2289 573 2354 haec
598 2291 744 2374 quaestio
768 2290 809 2354 ad
832 2288 1021 2355 solvendum
1041 2289 1123 2353 mihi
1145 2287 1272 2353 videtur

128 2416 208 2460 esse.
239 2395 326 2461 Nam
345 2394 537 2480 Panegyrici
556 2396 761 2480 scriptorem,
781 2398 809 2460 si
828 2395 997 2459 Tibullum
1020 2395 1144 2460 imitari
1166 2394 1273 2477 vellet,

127 2522 195 2565 non
216 2501 346 2566 heroico
370 2505 487 2585 metro,
516 2524 579 2585 quo
603 2503 672 2587 ille,
695 2503 812 2567 sinon
840 2505 890 2566 est
917 2502 958 2566 ab
987 2523 1024 2566 eo
1052 2501 1272 2585 Panegyricus

128 2608 341 2692 compositus,
364 2630 524 2692 nusquam
546 2630 624 2672 usus
648 2612 710 2692 est,
739 2608 794 2672 sed
818 2608 962 2692 elegiaco
986 2629 1116 2672 carmen
1138 2608 1273 2672 condere

128 2694 276 2778 debuisse
301 2717 445 2796 apparet.
491 2713 605 2798 Neque
621 2715 663 2778 in
685 2715 800 2797 primis
824 2736 958 2798 operam
979 2713 1142 2797 posuisset
1164 2713 1199 2778 iu
1221 2714 1274 2779 ad·

128 2819 304 2884 sciscendis
323 2819 458 2903 fabulis,
478 2842 556 2904 quas
576 2820 610 2883 in
628 2820 742 2904 elegiis
762 2820 912 2885 Tibullus
932 2824 1046 2885 contra
1065 2819 1133 2884 eius
1155 2819 1273 2884 aetatis

128 2925 407 3009 consuetudinem,
431 2946 494 3008 quo
523 2925 661 2990 maiores
684 2926 719 2991 in
742 2930 811 3020 arte
833 2946 1025 3010 progressus
1053 2925 1207 3009 faciebat,
1235 2948 1272 2990 eo

130 3034 234 3115 magis
267 3031 399 3116 sprevit.
453 3029 505 3094 Ad
542 3035 721 3097 extremum
757 3033 829 3116 ipsa
866 3031 1022 3096 orationis
1060 3030 1273 3096 conformatio

133 3157 270 3218 ususque
293 3137 464 3202 verborum
488 3138 566 3202 adeo
588 3161 656 3204 non
678 3139 802 3203 Tibulli
830 3139 865 3203 in
888 3139 1002 3223 elegiis
1025 3137 1152 3202 dicendi
1174 3139 1274 3202 ratio·
1370 3214 1373 3218 .

133 3262 209 3304 nem
231 3241 343 3325 refert,
366 3246 402 3306 ut
424 3243 507 3308 hanc
530 3245 637 3328 ipsam
660 3246 700 3310 ob
725 3267 855 3310 causam
877 3245 940 3308 viri
963 3243 1050 3308 docti
1073 3265 1203 3308 carmen
1222 3241 1274 3306 Ti-

131 3348 214 3412 bulli
238 3370 308 3412 esse
330 3351 531 3432 negaverint.
577 3350 671 3415 Nihil
698 3352 762 3415 nisi
785 3372 937 3415 versuum
959 3349 1203 3433 pangendorum
1225 3371 1274 3413 ra·

131 3455 253 3518 tionem
272 3476 344 3520 oum
363 3455 551 3522 Tibulliana
570 3457 715 3523 conferre
733 3458 824 3542 licet,
842 3479 924 3541 quae
947 3457 996 3520 ita
1018 3456 1150 3538 similis,
1172 3456 1272 3518 immo

130 3583 261 3645 prorsus
292 3562 404 3627 eadem
435 3566 484 3627 est
514 3567 610 3648 atque
641 3564 779 3648 Tibulli,
808 3568 845 3629 ut
874 3563 1034 3627 Lucienus
1064 3560 1241 3624 Muellerus
1250 3557 1274 3642 ¹)

131 3690 204 3732 eum
222 3668 335 3732 ducem
356 3671 586 3753 panegyristae
606 3692 643 3734 ac
660 3671 854 3755 magistrum
872 3670 972 3734 fuisse
992 3667 1173 3732 contendat.
1212 3663 1275 3730 Sed

131 3774 226 3838 huius
250 3775 454 3858 cognationis
478 3775 543 3840 alia
562 3776 643 3840 mihi
666 3799 763 3841 causa
787 3798 857 3839 esse
880 3775 1019 3859 videtur,
1044 3794 1141 3858 quam
1163 3771 1273 3855 paullo

131 3881 215 3946 infra
234 3880 414 3964 explicabo.
449 3879 544 3946 Nune
566 3881 629 3947 hoc
652 3880 738 3945 dico:
761 3883 880 3946 mirum
903 3903 973 3945 esse
997 3879 1083 3965 quod
1105 3877 1275 3964 quispiam,

132 3988 312 4072 elegiarum
336 3987 494 4070 scriptore
518 3987 558 4051 ad
581 3989 773 4052 imitandum
791 3989 974 4071 proposito,
996 3984 1080 4050 nihil
1098 3983 1163 4049 nisi
1180 3983 1275 4047 hexa-

132 4095 229 4158 metri
251 4094 391 4159 faoiendi
415 4094 648 4159 subtilissimas
671 4095 761 4178 leges
785 4093 830 4158 sit
853 4097 992 4158 secutus.
1303 4173 1306 4177 .

221 4199 310 4266 Haec
334 4205 441 4266 autem
469 4201 579 4265 omnia
606 4223 677 4264 cum
706 4200 814 4264 animo
843 4199 1053 4282 complector,
1080 4202 1168 4262 recte
1195 4196 1276 4261 iudi·
1391 4188 1395 4194 ’

207 4431 226 4504 1)
244 4431 274 4484 in
293 4430 359 4485 ecia.
379 4430 441 4484 riu.
461 4405 547 4499 aar.
567 4448 593 4499 p.
615 4428 748 4484 xxvnr
