3074 4966
224 370 247 432 4
488 452 490 456 Ι
586 369 616 424 F.
635 367 759 424 Hankel:
779 368 814 424 de
831 365 1000 438 panegyrico

221 531 331 618 Atque
354 532 434 598 haec
457 555 509 598 res
533 534 662 598 tantum
692 533 786 598 abest
813 535 850 596 ut
874 532 915 597 ad
938 531 1098 616 liquidum
1121 530 1277 614 perducta
1301 551 1372 596 esse

222 639 387 724 videatur,
410 642 460 724 ut,
484 640 513 704 si
542 640 577 706 in
604 662 642 704 ea
671 639 859 723 quaestione
888 637 1092 722 explananda
1119 659 1252 721 operam
1275 637 1372 702 collo·

225 767 346 830 carem,
363 768 481 830 operae
499 747 641 832 pretium
659 748 805 812 facturus
829 768 899 811 esse
923 745 1005 810 mihi
1028 745 1115 810 visus
1139 743 1216 828 sim,
1240 765 1277 808 eo
1302 765 1374 808 oon-

224 852 317 936 fisus,
341 852 426 937 quod
449 853 516 916 fere
539 875 666 938 omnes,
690 854 745 937 qui
768 854 804 916 in
829 852 892 916 hoo
915 851 1111 934 inciderunt,
1138 851 1281 914 breviter
1305 872 1374 913 rem

224 959 497 1044 perstrinxerrmt,
525 982 634 1045 nemo,
658 982 698 1024 ne
722 959 864 1024 Bachius
872 955 897 1044 1)
927 957 1070 1042 quidem,
1094 979 1166 1021 cum
1189 957 1218 1021 is
1241 956 1373 1021 uberius

226 1066 262 1129 in
274 1065 337 1154 hae
351 1065 539 1150 quaestione
554 1069 752 1148 versaretur,
771 1063 902 1147 singula
920 1063 1100 1128 accuratius
1114 1066 1302 1147 persecutus
1322 1063 1374 1127 sit.

315 1170 425 1257 Atque
459 1171 606 1255 equidem
640 1193 835 1256 quamquam
862 1191 929 1235 non
961 1192 1032 1234 sum
1060 1169 1201 1253 nescius,
1234 1173 1374 1254 quantae

228 1277 432 1343 difficultatis
443 1277 486 1342 sit
500 1281 746 1342 monumentum
756 1276 888 1361 aliquod
902 1276 1088 1340 litterarum
1098 1298 1163 1339 una
1177 1296 1249 1339 cum
1264 1279 1375 1360 aperte

227 1384 369 1450 insitivis
392 1384 487 1458 nobis
511 1384 668 1448 traditum
691 1384 839 1468 idemque
867 1382 979 1446 multis
1003 1381 1083 1444 locis
1113 1403 1132 1444 a
1162 1381 1376 1471 genuinorum

206 1491 393 1575 elegantia
416 1493 449 1554 et
471 1490 567 1555 rebus
592 1494 626 1554 et
647 1490 756 1554 uerbis
785 1489 969 1572 discrepans
994 1508 1014 1550 a
1038 1485 1208 1552 doctorum
1231 1489 1376 1553 virorum

229 1597 407 1681 suspitione
422 1595 591 1660 defendere
607 1618 644 1660 ac
658 1595 809 1679 liberare,
823 1593 928 1658 nihilo
947 1593 1053 1657 minus
1069 1592 1194 1657 Tibulli
1208 1616 1278 1658 erse
1292 1594 1376 1659 illud

228 1725 366 1787 carmen,
380 1701 466 1787 quod
480 1701 669 1766 inscribitur
682 1701 866 1785 Messallae,
880 1701 1102 1765 demonstrare
1116 1700 1198 1764 mihi
1211 1700 1375 1785 proposui.

229 1808 333 1885 Quam
366 1807 561 1873 sententiam
593 1830 699 1872 meam
730 1808 779 1872 ita
810 1807 993 1890 defendam,
1026 1811 1063 1871 ut
1094 1807 1236 1890 primum
1265 1829 1376 1870 eorum

229 1916 397 2000 opiniones
420 1915 612 2000 infringam,
635 1915 691 2000 qui
714 1937 844 1980 carmen
863 1939 882 1979 a
899 1910 1226 1999 posterioris'aetatis
1245 1913 1376 1977 homine

228 2020 353 2106 ingenii
367 2020 536 2085 exercendi
550 2043 647 2085 causa
662 2022 880 2104 conscriptum
899 2043 969 2085 esse
983 2023 1114 2105 putant,
1134 2020 1247 2084 deinde
1267 2041 1376 2084 eorum

230 2132 422 2210 argumenta
439 2129 642 2212 impugnem,
662 2127 718 2211 qui
737 2149 869 2191 carmen
885 2132 1020 2212 propter
1038 2127 1140 2211 ipsius
1157 2126 1376 2191 condicionem

229 2257 253 2298 a
276 2233 410 2299 Tibullo
444 2234 645 2319 abiudioant,
676 2237 746 2298 tum
778 2233 937 2299 nonnulla
969 2234 1116 2318 afferam,
1147 2234 1263 2317 quibus
1294 2255 1378 2298 com·

231 2342 431 2424 motusipse
459 2339 591 2405 Tibullo
621 2362 738 2424 poema
765 2340 922 2426 tribum,
948 2344 1114 2426 postremo
1144 2361 1198 2404 eos
1228 2338 1377 2403 refellere

231 2446 391 2531 studeam,
414 2446 470 2530 qui
487 2451 622 2530 propter
640 2451 823 2530 temporum
841 2447 984 2512 rationes
1003 2446 1240 2531 Panegyricum
1255 2445 1378 2510 Tibulli

232 2574 301 2618 esse
324 2556 456 2638 negant.

320 2657 384 2726 Sed
405 2661 496 2744 prius
527 2682 625 2744 quarn
653 2661 694 2725 ad
721 2683 791 2726 rem
817 2660 922 2746 ipsam
946 2661 1130 2748 aggrediar,
1157 2659 1268 2746 paucis
1296 2656 1378 2724 mihi

233 2766 489 2832 adumbrandum
506 2771 564 2852 est,
584 2767 669 2853 quod
689 2769 732 2832 sit
750 2769 852 2834 totius
872 2770 1024 2835 carminis
1044 2772 1271 2854 argumentum
1290 2767 1379 2852 quid·

232 2896 294 2958 que
316 2878 415 2958 poeta
438 2873 502 2966 sibi
524 2874 740 2958 proposuerit.
786 2873 835 2938 De
859 2897 921 2960 quo
946 2869 1076 2961 quide'm
1099 2876 1145 2939 sic
1168 2874 1329 2958 Heynius:

277 2979 417 3044 ‘Laudes
425 2976 452 3066 2)
480 2979 655 3044 Messallae
684 3003 797 3046 canere
823 3001 997 3065 aggressus
1022 2984 1132 3064 poeta,
1159 2981 1300 3064 primurn
1329 3002 1379 3043 ex-

265 3089 370 3175 cusat
392 3087 587 3150 tenuitatem
609 3087 734 3170 ingenii
757 3087 808 3152 sui
826 3085 869 3172 (v.
894 3086 1029 3172 1-27),
1051 3086 1125 3157 inde
1148 3087 1277 3151 laudem
1296 3086 1379 3151 ordi-

276 3196 331 3256 tur
354 3215 374 3256 a
391 3191 551 3258 virtutum
568 3192 823 3278 praedicatione,
848 3192 932 3276 quod
952 3214 1008 3256 eae
1026 3194 1198 3277 prosapiae
1216 3197 1378 3260 vetustate

277 3298 472 3364 illustriores
496 3299 576 3384 sint,
606 3298 680 3363 inde
705 3295 748 3384 (v.
772 3294 829 3385 39)
853 3297 981 3362 laudem
1005 3299 1159 3383 dispescit
1181 3301 1217 3364 in
1239 3305 1379 3366 castren-

278 3425 347 3469 sem
374 3409 408 3469 et
434 3404 610 3491 forensem3
646 3404 731 3490 quod
759 3405 800 3470 ad
826 3405 911 3470 hanc
939 3407 1070 3492 attinet,
1102 3411 1270 3492 comparat
1296 3407 1379 3473 Mes·

278 3511 396 3576 sallam
419 3533 492 3577 cum
514 3511 645 3597 Ulysse3
673 3511 762 3576 cuiue
785 3513 949 3577 mentione
971 3512 1072 3598 facta,
1099 3514 1134 3578 in
1162 3537 1286 3579 errores
1311 3515 1378 3579 eius

278 3622 435 3703 evagatur
458 3615 574 3705 (usque
598 3617 638 3682 ad
661 3639 791 3683 versum
816 3616 904 3707 105).
925 3619 1009 3686 -Inde
1028 3641 1080 3684 res
1099 3619 1272 3687 Messallae
1291 3622 1378 3686 bello

149 3727 152 3733 ’
279 3728 390 3809 gestae
419 3721 497 3811 (117
521 3721 604 3815 sqq.)
634 3729 667 3789 et
695 3725 855 3790 maiorum
881 3748 990 3791 rerum
1023 3728 1133 3793 omnia
1160 3751 1199 3794 ex
1226 3729 1378 3812 auspiciis

279 3832 465 3897 consulatus
488 3829 562 3896 Kal.
580 3831 648 3897 Ian.
670 3831 709 3897 U.
731 3829 765 3898 O.
786 3833 849 3898 723
874 3831 1256 3923 suscepti(119-124).
1288 3833 1379 3900 Oom-

279 3937 469 4005 memoratis
488 3937 585 4002 terris
605 3959 642 4004 ac
660 3939 804 4025 populis,
824 3961 863 4003 ex
877 3940 993 4025 quibus
1007 3941 1190 4026 triumphos
1208 3942 1378 4007 habiturus

280 4049 366 4112 esset
387 4043 555 4130 Messalla,
576 4044 692 4110 incidit
715 4050 815 4130 poeta
832 4046 868 4112 in
890 4047 1140 4133 descriptionem
1167 4049 1257 4114 orbis
1280 4052 1380 4113 terra·

310 4313 330 4384 ¹)
349 4312 469 4368 Baebius
492 4312 522 4368 in
544 4309 673 4386 Epistola
699 4310 797 4371 critica
818 4311 848 4370 in
871 4311 1027 4384 Tibullum,
1055 4312 1328 4371 Pseudo-Tibullum
1352 4313 1380 4370 et

235 4398 425 4472 Propertium,
446 4404 489 4460 ed.
508 4404 617 4460 Gothae
637 4423 662 4460 a.
683 4412 759 4462 1812.

310 4493 331 4562 2)
350 4493 427 4550 Albii
446 4492 552 4549 Tibulli
572 4494 709 4565 carmina,
728 4495 841 4564 Lipsiae
861 4496 903 4549 ed.
923 4514 948 4548 a.
969 4502 1046 4566 1817,
1065 4512 1091 4566 p,
1112 4501 1172 4550 223.
