3074 4966
544 289 574 342 in
591 283 753 344 Messallam
772 285 941 344 Tibulliano.
1279 283 1316 352 11

174 447 312 536 quadam
342 451 499 516 orationis
530 452 660 516 luxuria
691 474 725 516 se
755 453 956 532 permittunt.
1002 451 1080 534 Ipsa
1110 454 1218 516 autem
1240 451 1320 516 baec

171 557 405 640 promissomm
429 558 639 642 exaggeratio
668 558 819 622 iuvenilis
848 558 948 622 animi
970 557 1103 640 propria
1130 561 1189 622 est.
1240 557 1319 634 Quis

173 664 258 726 enim
293 665 398 729 nescit
434 685 550 746 pueros
588 663 790 747 maximeque
823 686 892 748 eoa,
924 664 980 747 qui
1011 664 1173 728 teneriore
1210 665 1317 729 animo

172 771 316 852 utuntur,
339 769 406 833 sive
432 769 551 834 amoris
575 770 627 834 vel
651 770 762 853 gaudii
789 770 913 853 impetu
937 770 1039 834 elatos
1068 769 1135 834 sive
1164 771 1238 834 odio
1266 770 1318 835 vel

172 896 318 940 maerore
337 874 491 958 afflictos,
514 876 590 959 quia
616 899 678 940 usu
704 876 792 939 vitae
819 876 961 940 nondum
985 876 1064 940 satis
1089 877 1207 942 eruditi
1234 881 1319 962 sunt,

173 1003 284 1044 omnes
309 981 409 1046 animi
436 985 542 1046 motus
566 982 659 1066 quasi
683 983 718 1045 in
739 1004 838 1045 unum
862 982 969 1046 locum
993 981 1136 1046 conferre
1160 987 1257 1068 atque
1284 985 1319 1048 in

172 1090 309 1170 utroque
329 1108 445 1171 genere
463 1088 593 1152 modum
612 1088 776 1172 migrare?
805 1071 965 1160 Similiter
982 1089 1021 1152 de
1041 1089 1188 1154 versibus
1207 1091 1318 1154 201-

172 1193 238 1258 213
256 1194 462 1258 iudicandum
486 1198 549 1278 est,
568 1216 632 1278 qua
654 1195 744 1259 dere
762 1195 875 1278 paullo
894 1193 1145 1278 inirapluribus
1164 1195 1318 1261 dicemus.

262 1298 380 1364 Omnia
411 1301 512 1384 igitur
542 1300 602 1364 illa
631 1301 724 1385 vitia,
753 1324 835 1385 quae
867 1301 903 1365 in
930 1302 1076 1366 versibus
1111 1324 1191 1385 quos
1221 1302 1317 1368 modo

172 1407 386 1470 tractavimus
416 1410 558 1490 exstant,
590 1407 631 1471 ab
664 1408 799 1472 iuvenili
828 1412 944 1492 poetae
976 1411 1083 1472 aetate
1114 1430 1182 1472 non
1211 1410 1318 1476 solum

174 1513 367 1597 excusanda,
391 1514 447 1577 sed
469 1513 611 1577 indidem
634 1515 777 1578 ducenda
800 1518 885 1579 sunt.
919 1513 1005 1578 Nam
1027 1517 1138 1597 poeta,
1160 1518 1197 1578 ut
1219 1515 1317 1598 paulo

172 1622 247 1702 post
266 1619 569 1703 demonstrabimus,
593 1643 664 1684 cum
686 1620 922 1705 Panegyricum
942 1620 1081 1704 scripsit,
1105 1643 1227 1693 annum
1243 1622 1318 1686 duo·

172 1724 406 1808 devigesimum
418 1726 470 1790 rel
485 1727 526 1790 ad
536 1749 697 1792 summum
707 1728 901 1812 vigesimum
915 1727 1049 1792 tertium
1064 1727 1170 1810 egisse
1180 1727 1317 1792 videtur.

172 1829 347 1896 Praeterea
369 1833 403 1896 in
427 1832 572 1896 animum
594 1834 811 1911 revocandum
833 1837 896 1915 est,
926 1833 1031 1917 qualis
1055 1834 1185 1898 omnino
1209 1856 1317 1900 rerum

172 1941 242 2000 tum
257 1939 402 2003 condicio
417 1938 517 2003 fuerit
531 1961 657 2023 quaque
672 1961 769 2004 causa
783 1943 963 2003 commotus
977 1943 1075 2022 poeta
1090 1961 1219 2005 carmen
1233 1963 1316 2005 com-

170 2047 325 2126 posuerit.
372 2043 514 2109 Summis
539 2046 684 2109 enimin
706 2045 867 2129 angustiis
886 2049 1033 2110 versatus
1058 2046 1316 2112 adulescentulus

173 2150 303 2232 quidam
332 2151 490 2235 ignobilis
521 2151 662 2216 consulis
692 2151 806 2234 populi
828 2149 969 2215 Romani
998 2152 1144 2217 favorem
1174 2155 1315 2218 carmine

173 2256 235 2320 sibi
258 2279 444 2340 comparare
468 2259 589 2340 studet,
612 2261 649 2321 ut
672 2257 787 2322 salutis
811 2257 898 2321 viam
921 2258 985 2321 sibi
1008 2260 1143 2324 muniat.
1189 2259 1260 2336 Qua
1282 2260 1317 2324 in

171 2385 205 2425 re
240 2363 317 2447 quid
347 2363 452 2447 magis
485 2366 734 2427 consentaneum
762 2367 825 2446 est,
853 2385 950 2447 quam
979 2363 1086 2446 ipsum
1116 2366 1316 2450 scriptorem,

133 2499 135 2502 ·
171 2489 298 2532 morum
321 2491 358 2534 ac
381 2474 516 2532 naturae
540 2470 724 2553 principum
746 2492 812 2534 non
834 2469 1071 2554 immemorem,
1099 2473 1258 2538 modestia
1281 2496 1315 2538 se

172 2575 396 2640 commendare
420 2576 588 2659 maluisse,
617 2599 713 2660 quam
740 2577 843 2640 libero
873 2577 981 2641 animo
1009 2579 1230 2661 potentissimi
1253 2580 1315 2643 viri

171 2681 207 2743 in
234 2703 267 2744 se
296 2681 486 2746 contrahere
513 2683 795 2765 indignationem?
845 2682 934 2759 Quae
962 2684 1134 2767 modestia,
1162 2685 1225 2748 etsi
1250 2707 1316 2750 non

171 2806 350 2867 numquam
366 2787 468 2852 nimia
487 2792 549 2871 est,
573 2793 684 2853 tamen
700 2789 823 2872 partim
846 2790 918 2872 ipsa
941 2789 1109 2873 scriptoris
1129 2791 1315 2856 condicione
1385 2801 1388 2806 '

172 2894 356 2973 excusatur,
378 2893 500 2974 partim
522 2894 595 2959 inde
618 2900 696 2960 nata
719 2899 782 2978 est,
811 2896 896 2978 quod
919 2900 1031 2980 poeta,
1059 2919 1140 2982 quae
1169 2901 1219 2962 est
1240 2921 1316 2981 pue-

170 3020 281 3061 rorum
306 3003 437 3082 natura,
466 3001 595 3065 modum
623 3024 752 3066 servare
778 3002 922 3066 nondum
949 3003 1111 3067 didicerat.
1157 3001 1217 3068 Oui
1239 3027 1315 3068 vero

173 3104 380 3168 submissiore
409 3128 505 3188 quam
527 3107 670 3191 ingenuo
695 3107 825 3173 homine
850 3106 949 3194 digno
974 3110 1081 3174 animo
1105 3110 1154 3173 uti
1175 3129 1315 3194 panegy-

173 3209 254 3274 rista
275 3211 433 3295 videatur‚
455 3213 484 3276 is
507 3214 694 3278 meminerit
717 3219 838 3299 quanta
859 3215 1045 3280 humilitate
1069 3221 1102 3280 et
1124 3217 1316 3280 verecundia
1343 3284 1346 3290 ,

171 3337 238 3380 uon
269 3318 375 3382 solum
406 3319 465 3382 illa
497 3322 618 3402 aetate,
652 3321 708 3385 sed
735 3323 847 3385 nostra
875 3322 974 3386 etiam
1001 3321 1158 3388 memoria
1185 3321 1314 3386 litterae

171 3422 303 3505 regibus
343 3428 375 3488 et
410 3425 516 3489 nobili
552 3425 645 3489 loco¹
664 3427 751 3491 natis
791 3428 962 3493 mandatae
1001 3429 1195 3494 redundent:
1233 3451 1314 3511 quae

169 3531 264 3593 tanta
298 3535 361 3612 est,
397 3536 435 3596 ut
466 3532 556 3596 illius
590 3532 688 3597 verba
720 3556 792 3598 oum
823 3539 1009 3600 nostrorum
1041 3533 1210 3600 homiuum
1243 3557 1314 3598 con-

170 3636 339 3700 suetudine
367 3638 421 3701 vix
447 3639 575 3722 possint
607 3638 755 3704 conferri.
805 3640 919 3727 Itaque
946 3642 1009 3706 hoc
1041 3641 1076 3704 in
1105 3661 1222 3724 genere
1249 3662 1315 3704 non

169 3743 399 3824 perfectissimi
422 3748 455 3808 et
477 3747 709 3829 sapientissimi
733 3747 885 3832 cuiusque
912 3770 1051 3833 persona
1074 3747 1176 3812 oculis
1197 3768 1314 3834 propo-

169 3849 276 3912 nenda
304 3853 366 3934 est,
394 3851 450 3915 sed
473 3854 656 3936 temporum
685 3875 856 3937 rerumque
883 3855 1097 3920 humanarum
1124 3876 1218 3918 verae
1242 3874 1314 3918 oon·

170 3955 305 4042 dicionis
329 3957 456 4022 ratione
479 3957 594 4023 habita
616 3958 655 4022 de
678 3959 822 4024 moribus
841 3959 1009 4026 hominum
1028 3962 1187 4044 rebusque
1207 3961 1247 4024 ab
1267 3960 1313 4023 eis

171 4063 272 4146 gestis
295 4063 511 4128 iudicandum.

260 4168 323 4234 Sed
344 4170 424 4235 haec
447 4171 486 4234 dc
509 4171 610 4235 nimia
632 4171 792 4236 modestia
815 4171 986 4257 hactenus3
1015 4173 1081 4238 iam
1103 4173 1250 4238 venimus
1274 4172 1313 4238 ad

170 4273 265 4361 illud,
284 4278 368 4361 quod
386 4278 425 4341 de
443 4277 545 4342 nimia
566 4278 751 4343 adulatione
768 4281 929 4368 etoinepta
942 4279 1046 4344 laudis
1062 4280 1312 4363 exaggeratione

169 4383 327 4448 Dissenus
351 4383 471 4470 aliique
495 4385 748 4468 disputavenmt.
