3074 4966
188 349 190 356 s
252 303 291 374 18
613 303 643 361 F.
664 304 786 362 Hanlrel:
806 303 840 362 de
859 295 1028 377 panegyrico

228 495 230 500 ·
335 471 443 556 Atque
468 478 528 554 ego
548 473 676 535 tantum
701 470 793 535 abest
816 475 852 535 ut
875 471 1062 555 negaverim
1087 459 1197 535 omnia
1216 458 1288 556 illa,
1312 491 1394 557 quae

248 579 286 643 de
313 578 469 642 Messalla
502 579 706 643 consulatum
737 577 858 643 inituro
891 578 1037 642 versibus
1074 578 1257 642 121-134
1291 579 1393 663 deque

247 671 343 750 rebus
376 684 416 749 ab
449 685 508 748 illo
541 683 691 768 gerendis
724 683 872 747 versibus
908 683 1091 748 135-150
1122 686 1221 766 poeta
1253 683 1394 769 disserit,

247 791 346 855 nimis
379 813 449 855 esse
482 794 578 856 aucta
609 794 642 855 et
670 790 883 873 amplificata,
913 794 950 853 ut
982 790 1088 874 magis
1111 790 1146 853 in
1169 789 1393 874 Octavianum,

248 920 345 983 quam
359 898 394 961 in
407 896 596 960 Messallam
611 897 803 961 auctoritate
819 899 851 959 01
870 895 986 980 opibus
1005 897 1063 960 illo
1082 895 1186 959 multo
1205 895 1392 960 inferiorem

249 1005 359 1068 omnia
382 1003 551 1068 convenire
569 1003 748 1067 videantur.
798 1001 922 1066 Verum
946 1002 1090 1066 omnium
1113 1003 1195 1087 fere,
1219 1002 1274 1086 qui
1297 1003 1392 1066 unius

248 1110 383 1174 alicuius
411 1110 475 1174 viri
502 1110 604 1173 vitam
632 1111 665 1174 et
691 1131 742 1173 res
771 1113 880 1192 gestas
905 1111 1070 1191 enarrant,
1098 1129 1267 1172 commune
1296 1111 1391 1192 atque

246 1217 415 1300 proprium
443 1220 506 1298 est,
539 1237 612 1280 eum
643 1215 750 1298 ipsum
777 1220 906 1299 praeter
935 1217 1057 1279 ceteros
1085 1215 1235 1279 laudibus
1263 1211 1391 1278 afficere

248 1323 460 1406 omnibusque
480 1321 654 1387 virtutibus
670 1343 832 1386 exornare.
859 1321 960 1406 quue
979 1321 1097 1386 accidit
1109 1319 1302 1404 Panegyrici
1317 1321 1392 1384 scri-

246 1428 348 1511 ptori,
371 1431 408 1492 ut
430 1429 466 1491 in
487 1427 643 1493 Messalla
666 1428 857 1492 celebrando
881 1429 1053 1493 veritatem
1077 1448 1226 1512 egressus
1249 1427 1285 1490 in
1306 1426 1392 1490 hunc

248 1556 302 1598 eas
323 1534 434 1598 laudes
455 1534 616 1599 conferret
634 1534 749 1618 quibus
769 1535 823 1598 vix
845 1535 962 1620 dignus
981 1527 1072 1600 ¹esset
1096 1533 1302 1598 Octavianus.
1333 1531 1392 1596 Aa

248 1663 308 1725 que
324 1662 410 1704 cum
439 1644 514 1704 ante
542 1663 663 1705 annum
691 1642 754 1706 723
785 1641 954 1724 praeclara
985 1641 1042 1705 ille
1074 1641 1219 1704 facinora
1249 1639 1392 1703 nondum

247 1746 413 1829 edidisset,
439 1753 538 1830 poeta
568 1748 675 1811 100010
707 1770 773 1812 1100
799 1752 930 1831 poterat
962 1748 1053 1833 quin,
1082 1769 1164 1831 quae
1197 1746 1287 1810 illius
1321 1750 1391 1809 0101

246 1854 350 1919 virtus
374 1853 537 1938 animique
560 1855 750 1938 magnitudo
777 1873 889 1938 pugna
910 1851 1115 1937 Philippensi
1143 1856 1176 1917 01
1203 1852 1291 1916 bello
1315 1851 1390 1934 llly-

246 1961 313 2024 rico
336 1960 402 2024 iam
426 1964 584 2044 spectata,
610 1982 769 2026 summam
795 1960 934 2043 gloriam
963 1965 997 2024 et
1024 1981 1151 2024 summa
1173 1960 1278 2024 laudis
1301 1980 1390 2043 prae·
1523 2021 1524 2072 ἢ

247 2066 314 2130 1010
345 2087 419 2130 00111
450 2066 695 2151 insequentibus
722 2067 923 2149 temporibus
952 2061 1143 2151 adepturum
1171 2088 1241 2130 esse
1269 2065 1391 2148 praedi·

247 2176 344 2238 caret
371 2172 444 2237 Huc
458 2173 583 2238 accedit
597 2174 682 2258 quod
697 2195 734 2236 eo
750 2195 847 2256 anno,
867 2194 929 2256 quo
945 2174 1084 2256 scriptus
1099 2174 1149 2236 est
1162 2170 1392 2256 Panegyricus

245 2281 388 2346 nondum
420 2279 628 2344 manifestum
656 2283 740 2363 erat,
773 2279 878 2363 qualis
910 2301 1019 2343 rerum
1051 2277 1137 2343 foret
1168 2283 1300 2342 eventus
1332 2298 1391 2341 nec
1421 2315 1424 2322 »

246 2388 417 2471 0010000111
439 2408 498 2469 pro
522 2389 608 2450 certo
628 2385 756 2469 habere,
766 2389 896 2469 poterat
918 2385 1001 2470 fore,
1020 2389 1057 2449 ut
1075 2385 1185 2468 paucis
1204 2388 1280 2468 post
1298 2384 1389 2448 annis

244 2515 322 2557 eum
335 2494 443 2556 locum
457 2492 620 2555 obtineret
635 2491 844 2576 0010110000,
862 2496 898 2556 01
917 2493 985 2557 0100
1004 2514 1123 2558 nomen
1141 2495 1175 2556 01
1191 2490 1391 2574 praestantia

247 2599 393 2663 omnium
416 2598 484 2662 1010
508 2597 651 2662 virorum
675 2598 790 2662 virtuti
817 2599 968 2664 tenebras
996 2599 1183 2663 offunderet.
1232 2597 1390 2662 Versibus

248 2711 357 2771 autem
382 2705 564 2769 193-196
589 2705 741 2789 scriptor,
771 2727 852 2789 quae
880 2709 930 2769 est
956 2708 1125 2789 poetarum
1148 2705 1273 2768 dicendi
1296 2703 1390 2787 ratic,

245 2813 329 2876 nihil
353 2811 528 2895 commisit,
550 2811 615 2876 nisi
638 2816 674 2876 ut
701 2812 849 2895 pluribus
876 2812 1050 2877 dissereret
1077 2811 1296 2895 exemplisque
1319 2810 1391 2874 illu-

246 2923 365 2983 straret
398 2940 432 2983 se
464 2923 616 3002 paratum
646 2940 714 2984 0000
744 2940 804 3002 pro
831 2917 1005 2984 Messallae
1037 2918 1142 2983 salute
1173 2918 1226 2982 vel
1254 2921 1390 2982 niortem

247 3029 410 3108 oppetere.

333 3131 446 3217 Neque
469 3132 542 3215 ipsa
562 3131 665 3196 nimia
684 3132 828 3198 adulatio
852 3136 885 3196 01
902 3131 1007 3197 laudis
1027 3131 1237 3215 amplificatio
1258 3131 1299 3198 ab
1320 3131 1388 3195 eius
1521 3127 1522 3138 ’

245 3239 362 3304 0010110
387 3239 616 3303 consuetudine
645 3238 807 3303 abhorret.
858 3238 943 3304 Nam
967 3237 1093 3302 Tibulli
1116 3238 1272 3303 memoria
1295 3260 1390 3323 quem

244 3344 331 3428 fugit
353 3345 516 3410 Romanos
541 3343 713 3409 Caesarem
740 3345 793 3409 dei
820 3345 924 3409 instar
951 3347 1123 3409 veneratos
1148 3366 1218 3410 esse
1243 3347 1276 3408 01
1302 3345 1388 3408 viros

244 3455 394 3535 potentes
412 3451 514 3515 tantis
534 3451 685 3515 laudibus
705 3453 872 3536 extulisse,
891 3453 928 3517 111
947 3452 1016 3517 01110
1036 3451 1153 3515 0010110
1172 3451 1298 3516 homini
1311 3451 1389 3515 talis

245 3559 388 3624 adulatio
407 3559 461 3622 vix
480 3557 656 3641 opprobrio
676 3580 746 3623 0000
764 3562 884 3642 posset.
913 3557 999 3624 Satis
1017 3564 1132 3623 notum
1151 3562 1214 3641 est,
1233 3561 1389 3642 quantum
1409 3557 1413 3564 “

245 3666 279 3730 111
306 3666 368 3730 hoc
395 3685 511 3750 genere
544 3662 657 3728 Cicero
685 3665 902 3748 praestiterit,
930 3669 1146 3750 quantamque
1170 3664 1327 3730 Horatius
1357 3670 1390 3729 01

244 3772 431 3855 Propertius
450 3770 652 3855 maximeque
672 3768 821 3853 Ovidius,
845 3772 991 3857 quamvis
1016 3772 1166 3836 sollerter
1189 3771 1387 3836 carminibus

243 3879 425 3963 potentium
452 3877 595 3942 virorum
617 3878 727 3942 laudes
750 3879 965 3962 intexuerint,
988 3879 1140 3942 adulandi
1163 3878 1292 3963 culpam
1315 3900 1389 3942 con·
1520 3911 1521 3966 3

243 3986 411 4050 traxerint.
465 3984 571 4060 Quare
598 3984 627 4048 si
654 3985 907 4051 consideraveris
936 3984 1215 4049 adulescentulum
1238 3984 1390 4068 aliquem,
1520 3995 1521 4030 l

243 4112 302 4157 neo
329 4112 446 4176 genere
477 4112 537 4154 neo
567 4090 683 4173 opibus
716 4091 919 4175 distinctum,
946 4091 1051 4156 virum
1083 4090 1312 4174 gubernaculis
1341 4091 1389 4154 rei

211 4269 215 4276 ,
244 4197 394 4281 publicae
413 4197 613 4262 adsidentem
627 4198 776 4280 precibus
791 4197 891 4281 adire,
911 4219 983 4261 oum
1001 4197 1154 4261 iudicium
1172 4197 1241 4261 eius
1257 4219 1294 4261 eo
1309 4201 1390 4260 tem-

244 4325 337 4389 pore,
359 4327 422 4390 quo
446 4326 576 4369 carmen
598 4299 835 4393 scriptumest,
859 4327 973 4387 parurn
998 4304 1097 4367 etiam
1116 4308 1201 4368 esset
1225 4305 1389 4369 excultum

245 4416 277 4488 01
301 4436 360 4477 000
379 4413 629 4493 conformatum,
649 4415 781 4496 propter
798 4412 933 4476 nimiam
953 4410 1171 4476 adulationem
1188 4432 1254 4474 non
1271 4415 1389 4495 poetae
