3074 4966
239 234 281 297 26
601 232 631 285 F.
650 231 772 285 Hankel:
793 231 827 286 de
846 229 1014 300 panegyrico

240 397 346 464 simile
370 399 428 460 est.
474 395 581 479 Aque
604 395 638 458 in
660 395 816 459 secundae
832 394 922 463 ⁴libri
950 395 1057 478 quarti
1084 393 1208 476 elegiae
1236 393 1382 458 versibus

241 505 359 568 8-12
387 501 476 566 tseu'
505 506 619 586 quater
649 501 779 584 legitur.
830 499 939 571 Simili
965 502 1061 566 modo
1094 500 1217 564 factum
1250 505 1312 584 cst,
1346 503 1383 564 ut

241 614 338 692 poeta
366 609 464 672 etiam
492 607 600 692 ‘ergo'
629 606 791 692 particula
817 607 923 689 magis
953 607 1094 673 orationi
1123 606 1249 672 solutae
1283 629 1381 691 quam

241 717 367 800 poetico
390 737 524 779 numero
549 720 582 778 et
609 713 712 777 colori
739 714 947 778 conveniente
976 717 1134 798 uteretur,
1163 713 1248 796 quod
1270 713 1382 778 Franc.

243 819 441 905 Teufelius1)
469 819 563 902 vidit,
591 818 676 883 Guil.
699 816 906 904 Teuffcliusl)
934 820 1113 902 praeteriit.
1159 819 1252 896 Quod
1276 823 1384 884 autem

242 927 393 991 Tibullus
417 927 452 990 in
475 926 588 1008 elegiis
613 924 776 1008 ‘quamvis
784 924 803 1008 ',
824 927 1034 1010 panegyrista
1062 924 1290 1010 ‘quamquam’
1313 948 1384 1008 par-

241 1035 343 1098 ticula
365 1033 512 1097 versibus
538 1033 555 1095 1
586 1032 783 1096 0128110110
808 1036 870 1115 est,
899 1055 974 1096 casu
998 1032 1152 1098 accidisse
1179 1054 1282 1116 neque
1309 1016 1383 1116 plus

239 1142 346 1205 valere
381 1140 521 1220 videtur,
551 1160 588 1202 ac
620 1139 648 1201 si
680 1160 741 1202 nos
773 1138 867 1202 modo
897 1137 1073 1203 ‘obschon'
1103 1138 1254 1222 dicimus,
1286 1139 1382 1202 modo

242 1244 436 1330 ‘obgleich'.
782 1333 785 1338 Ι

331 1351 490 1417 Similiter
504 1351 543 1414 de
557 1349 620 1414 hoc
635 1371 751 1434 genere
766 1352 916 1416 universo
931 1350 1138 1415 iudicandum
1153 1355 1216 1435 est,
1231 1351 1384 1435 quoniam

242 1461 310 1524 veri
329 1458 585 1523 dissimillimum
605 1461 655 1521 est
673 1457 854 1541 Tibullum,
873 1458 927 1521 vix
945 1457 1113 1522 rhetorum
1132 1457 1260 1522 scholas
1280 1479 1385 1541 egres·

243 1589 328 1648 sum,
356 1565 422 1628 iam
446 1564 725 1628 adulescentulum
748 1567 817 1628 tam
841 1571 968 1628 seueras
992 1563 1056 1627 sibi
1075 1563 1200 1628 dicendi
1219 1557 1386 1630 0010110-

243 1696 316 1738 rum
331 1671 555 1755 eligendorum
569 1670 658 1752 leges
674 1671 922 1753 praescripsisse
936 1673 1067 1752 tamque
1087 1673 1208 1734 certam
1226 1671 1386 1755 rationem

243 1783 487 1857 secutumcsse,
506 1779 543 1840 ut
561 1776 687 1840 iuvenis
706 1777 811 1840 factus
829 1798 896 1840 non
914 1776 1072 1858 quaedam
1090 1778 1203 1860 verba,
1222 1777 1338 1861 quibus
1353 1778 1387 1842 in

243 1886 348 1968 primo
373 1884 515 1948 carmine
538 1905 614 1946 usus
630 1871 721 1964 erat,
743 1886 858 1965 postea
880 1882 1025 1946 reiceret.
1053 1881 1194 1958 Quodsi
1217 1883 1251 1946 in
1274 1883 1385 1967 aliqua

245 1991 351 2073 elegia
374 1990 557 2070 accidisset,
576 2010 702 2052 summo
721 1989 804 2070 iure,
828 1988 912 2052 sicut
930 1988 964 2052 in
982 1989 1074 2053 tertii
1092 1988 1170 2053 libri
1189 1989 1387 2052 carminibus

244 2121 264 2162 a
283 2097 362 2161 viris
381 2095 484 2158 doctis
504 2094 626 2158 factum
650 2095 714 2176 est',
737 2094 769 2156 id
790 2115 920 2157 carmen
938 2094 1063 2158 Tibulli
1087 2117 1157 2158 esse
1179 2115 1386 2178 negaremus;

245 2203 300 2268 sed
317 2203 351 2266 in
364 2200 565 2284 Panegyrico
586 2199 787 2264 aestimando
806 2198 886 2263 hacc
905 2200 1184 2282 argumentatore
1203 2199 1386 2283 pronihilo

244 2308 388 2373 ducenda
411 2311 495 2372 sunt.

338 2413 400 2478 sed
427 2413 466 2477 de
495 2413 653 2476 orationis
679 2412 878 2496 condicione,
902 2434 984 2496 quae
1006 2412 1139 2496 propria
1167 2417 1217 2477 est
1244 2412 1390 2496 Panegy-

245 2520 320 2603 1101,-
343 2519 423 2582 haec
445 2519 609 2582 hactenus.

336 2625 497 2702 Quoniam
518 2630 624 2690 autem
645 2624 683 2687 dc
703 2647 815 2688 eorum
834 2625 985 2707 opinione
1001 2625 1154 2708 diximus,
1174 2627 1229 2710 qui
1243 2627 1389 2710 Panegy-

245 2735 349 2797 ricum
369 2735 444 2814 post
464 2731 663 2794 0000111723
683 2730 839 2813 scriptum
860 2753 929 2795 esse
947 2734 1078 2815 putant,
1097 2753 1197 2815 eaque
1217 2733 1390 2816 explicavi-

247 2862 319 2903 mus
348 2859 431 2922 quae
459 2837 499 2900 ad
526 2837 750 2920 infringendas
774 2858 886 2901 eorum
910 2837 1089 2928 sententias
1095 2887 1104 2920 ,
1132 2838 1188 2920 qui
1216 2861 1345 2903 carmen
1370 2863 1390 2902 a

247 2945 379 3009 Tibullo
400 2943 599 3026 abiudicant,
619 2943 653 3006 in
671 2947 825 3026 promptu
842 2943 1028 3027 habuimus,
1050 2966 1134 3008 nunc
1153 2966 1192 3007 ea
1210 2945 1390 3027 afferemus,

248 3050 365 3132 quibus
387 3048 542 3112 commoti
565 3048 606 3119 ab
629 3048 701 3130 ipso
723 3047 855 3113 Tibullo
880 3071 1010 3114 carmen
1032 3051 1189 3132 scriptum
1213 3073 1282 3115 esse
1306 3051 1391 3116 arbi-

247 3161 379 3220 tremur.

335 3260 443 3345 Mitto,
456 3261 540 3344 quod
551 3259 673 3324 Tibulli
688 3259 819 3325 nomine
834 3260 1008 3344 inscriptus
1018 3261 1238 3347 Panegyricus
1254 3263 1392 3329 adhunc

248 3371 391 3432 aetatem
403 3368 548 3451 perlatus
563 3370 621 3430 est.
653 3365 685 3431 N
687 3389 739 3431 am
754 3389 826 3430 cum
840 3367 971 3432 iamdiu
985 3369 1214 3433 inveteraverit
1229 3372 1391 3436 sententia

247 3472 407 3558 Haasiiss),
431 3473 487 3557 qui
510 3473 653 3536 carmina
676 3473 748 3556 illa,
772 3495 854 3556 quae
873 3473 996 3540 Tibulli
1014 3475 1144 3538 nomine
1163 3475 1392 3560 inscribantur,

247 3580 403 3644 Messalla
425 3578 553 3643 fautore
576 3579 713 3643 collecta
736 3581 832 3662 atque
853 3579 938 3643 edita
957 3603 1026 3644 esse
1045 3581 1228 3663 suspicatus
1247 3586 1306 3665 est,
1329 3583 1392 3647 hoc

249 3685 377 3767 quidem
395 3689 586 3767 argumento
602 3685 686 3768 apud
704 3685 791 3748 viros
805 3685 915 3750 doctos
930 3685 1017 3750 haud
1031 3687 1171 3752 multum
1188 3688 1392 3771 profecerim.

249 3790 334 3854 Illud
350 3789 478 3874 quidem
497 3793 634 3874 constat,
649 3790 817 3856 Tibullum
834 3814 901 3857 non
919 3792 1025 3875 ipsum
1042 3794 1186 3858 carmina
1205 3817 1263 3858 sua
1282 3795 1393 3859 omnia

323 4070 342 4138 ¹)
362 4069 403 4124 De
427 4069 543 4139 Catulli,
567 4070 685 4140 Tibulli,
704 4072 844 4142 Propertii
867 4074 981 4130 vocibus
1004 4075 1191 4144 singularibus
1215 4074 1323 4130 1101011.
1347 4075 1391 4130 ed.

249 4159 379 4228 Friburgi
397 4176 421 4213 a.
443 4165 510 4213 1872
528 4179 554 4228 p.
575 4166 616 4214 43.

322 4247 342 4314 ²)
363 4246 440 4300 Stud.
460 4249 496 4301 ad
515 4247 579 4302 bist.
599 4248 655 4302 litt.
674 4251 760 4318 spect.
779 4269 807 4318 p.
827 4256 887 4304 378.

323 4334 343 4404 ³)
363 4335 462 4391 Annal.
482 4336 542 4392 crit.
562 4337 652 4392 Berol.
672 4355 696 4392 a.
718 4343 785 4392 1837
804 4355 831 4406 p.
851 4343 893 4392 34.
