3074 4966
595 321 624 374 F.
644 319 766 374 Hankel:
786 319 820 372 de
839 319 1009 390 panegyrico

298 484 359 567 Te,
381 483 550 566 Messalla,
574 505 700 566 canam,
726 505 921 567 quamquam
945 506 996 547 me
1020 483 1152 566 cognita
1175 483 1278 546 virtus

297 591 426 673 Terret,
449 593 487 654 ut
510 589 657 654 infirmae
680 589 812 654 valeant
836 589 1013 654 subsistere
1036 589 1135 672 vires,

298 697 457 780 Incipiam
479 699 599 760 tamen.
645 719 664 760 a
687 697 826 779 meritis,
850 696 877 760 si
902 697 1045 760 carmina
1067 695 1193 778 laudes,

296 804 470 869 Deficiant:
492 801 626 866 humilis
650 802 752 867 tantis
776 803 839 866 sim
862 803 1011 867 eonditor
1034 799 1131 886 actis,

296 909 365 975 Nec
388 913 447 974 tua
469 912 599 993 praeter
621 911 654 974 11
678 909 800 973 chartis
824 898 968 974 intexere
993 909 1164 993 quisquam

296 1014 397 1078 Facta
420 1019 533 1098 queat,
556 1015 652 1080 dictis
674 1019 711 1080 ut
733 1036 799 1079 non
822 1015 946 1080 maiora
969 1016 1141 1100 supersint.

296 1122 358 1186 Est
379 1121 474 1185 nobis
497 1122 638 1188 voluisse
662 1122 756 1206 satis,
780 1143 839 1186 1111
862 1145 998 1187 munera
1020 1144 1122 1206 parva

296 1227 471 1312 Respueris
492 1264 535 1274 —

229 1335 327 1399 etiam
351 1333 508 1399 Dissenus
532 1335 609 1398 ferri
632 1356 727 1418 posse
751 1335 907 1399 concedit.
952 1334 1115 1399 Proximis
1144 1339 1253 1400 autem
1275 1335 1373 1401 versi-

228 1443 289 1505 bus
314 1440 480 1505 audaciam
503 1445 600 1525 pceta
627 1423 783 1525 exemplis
812 1464 829 1505 e
857 1441 1062 1525 mythologie
1089 1443 1202 1525 petitis
1227 1447 1373 1508 excusat:

230 1569 327 1632 quam
351 1548 626 1631 comparationem
649 1547 791 1612 Bachius
820 1551 852 1611 11
874 1547 1033 1611 Dissenus
1057 1546 1266 1626 vehementer
1290 1550 1372 1614 vitu·

228 1657 391 1738 pararunt.
408 1653 569 1738 Equidem
583 1655 693 1716 tamen
706 1675 773 1718 non
786 1653 887 1737 vidae,
902 1653 978 1737 quid
992 1653 1188 1736 ineptiarum
1202 1651 1249 1719 eis
1265 1656 1374 1721 verbis

229 1761 318 1825 insit.
347 1759 497 1845 Namque
522 1781 594 1823 cum
618 1763 714 1842 poeta
736 1759 926 1824 Messallam
950 1781 1023 1822 cum
1045 1757 1214 1845 Apolline,
1236 1759 1377 1846 Baccho,

229 1866 384 1949 Hercule,
413 1869 516 1931 semet
538 1866 644 1950 ipsum
669 1889 741 1930 oum
768 1865 955 1930 hominibus
979 1866 1046 1929 illis
1070 1867 1215 1931 conferat
1239 1890 1375 1952 quorum

229 1973 314 2036 dona
337 1972 387 2035 illi
416 1973 448 2036 di
477 1960 586 2037 animo
613 1973 756 2056 propitio
786 1972 981 2056 acceperint,
1009 1971 1093 2036 nihil
1120 1973 1285 2057 signifieat
1311 1976 1374 2039 nisi

229 2078 314 2142 inter
333 2081 435 2142 semet
452 2079 559 2161 ipsum
579 2078 857 2144 adulescentulum
876 2079 1120 2162 ignotissimum
1139 2083 1172 2144 11
1185 2077 1372 2144 Messallam

230 2184 394 2251 consulem
416 2185 658 2254 nobilissimum
682 2205 841 2248 summam
864 2184 1062 2248 intercedere
1086 2185 1285 2250 distantiam.

317 2290 422 2356 Multo
446 2292 569 2356 maiore
594 2292 664 2356 iure
687 2291 749 2356 hoc
772 2291 824 2355 illi
847 2291 1126 2376 improbaverunt,
1151 2292 1237 2376 quod
1255 2292 1289 2355 in
1307 2313 1374 2355 ver·

232 2397 321 2462 sibus
348 2399 408 2462 177
434 2402 468 2462 et
493 2399 555 2463 178
580 2402 643 2463 est:

297 2504 374 2569 Non
397 2525 458 2588 ego
482 2527 553 2568 sum
577 2505 657 2568 satis
681 2504 721 2568 ad
743 2507 855 2568 tantae
878 2505 1052 2586 praeconia
1075 2504 1193 2587 laudis,

295 2610 371 2694 Ipse
393 2611 476 2675 mihi
498 2633 565 2674 non
588 2612 616 2674 si
638 2610 841 2694 praescribat
864 2611 1010 2675 earmina
1031 2611 1196 2674 Phoebus:

230 2736 312 2799 quae
335 2716 466 2780 modum
489 2717 646 2781 excedunt
667 2716 875 2780 humilitatis.
921 2713 1044 2780 Contra
1071 2715 1192 2780 iniuria
1215 2715 1373 2786 Dissenus

231 2821 312 2886 mihi
336 2823 482 2887 invectus
506 2844 576 2886 esse
600 2823 728 2887 videtur
751 2823 786 2886 in
808 2843 919 2887 versus
946 2823 1140 2887 197—200:

297 2928 375 2994 Sum
398 2929 634 3014 quodcumque,
657 2932 790 2994 tuumst.
833 2929 940 2993 uostri
963 2929 991 2992 si
1013 2929 1149 3012 parvola
1171 2951 1249 2993 cura

296 3033 347 3098 Sit
369 3035 445 3118 tibi,
469 3036 710 3119 quantalibet,
734 3036 762 3099 si
785 3036 829 3098 sit
851 3035 961 3117 modo,
982 3057 1049 3100 non
1071 3034 1153 3098 mihi
1175 3054 1277 3117 regna

294 3139 409 3224 Lydia,
432 3163 498 3204 non
520 3141 633 3224 magni
655 3142 764 3224 potior
787 3141 831 3204 sit
854 3141 942 3204 fama
965 3139 1113 3224 Gylippi,

295 3245 394 3310 Posse
417 3244 573 3312 Meleteas
596 3269 656 3311 nec
678 3246 813 3312 mallem
836 3247 964 3310 1111111
987 3246 1129 3310 chartas:

229 3374 311 3435 quae
332 3354 432 3418 verba
454 3353 586 3418 homine
609 3354 791 3419 liberaliter
812 3354 947 3418 educato
970 3351 1070 3436 digna
1093 3375 1163 3416 esse
1185 3358 1296 3436 negat.
1327 3354 1374 3418 At

228 3461 338 3542 poeta,
367 3459 433 3523 sive
461 3483 538 3525 vera
560 3459 738 3525 Messallae
763 3460 977 3524 admiratione
1006 3462 1200 3542 commotus,
1227 3459 1260 3523 id
1288 3461 1374 3544 quod

228 3565 420 3629 verisimile
445 3571 510 3651 est,
533 3567 601 3631 sive
621 3566 819 3630 calamitatis
838 3568 927 3629 metu
947 3565 1116 3647 adductus,
1139 3565 1247 3647 ipsum
1267 3569 1373 3630 totum

229 3692 263 3734 sc
286 3671 337 3735 illi
360 3673 542 3737 dediturum
565 3681 635 3738 es'se
658 3670 834 3756 praedicat.
867 3669 1020 3754 Idemque
1043 3670 1107 3734 sibi
1126 3671 1241 3736 volunt
1259 3695 1371 3737 versus

232 3775 428 3841 193-196:

294 3881 359 3948 Pro
382 3887 416 3948 te
439 3885 492 3949 111
513 3885 644 3949 rabidas
668 3884 774 3949 ausim
796 3885 896 3949 maris
919 3883 966 3948 ire
989 3905 1047 3968 per
1069 3882 1185 3965 undas,
1265 3913 1269 3924 ·

294 3987 450 4054 Adversis
473 3990 611 4056 hiberna
633 3991 711 4056 licet
732 3993 880 4055 tumeant
902 3991 987 4056 freta
1009 3989 1129 4073 ventis,

295 4093 416 4159 Prote
439 4097 491 4160 vel
514 4096 622 4162 densis
645 4098 733 4161 solus
757 4096 934 4162 subsistere
957 4097 1075 4161 turmis

294 4198 357 4265 Vel
379 4223 517 4294 pronum
539 4202 704 4268 Aetnaeae
727 4223 844 4287 corpus
869 4203 1072 4268 committere
1096 4201 1255 4265 flammae.
1325 4239 1328 4246 ·

228 4305 321 4371 Nihil
340 4307 402 4372 hoc
416 4308 504 4373 aliud
524 4313 582 4392 est,
597 4329 693 4392 quam
712 4329 785 4372 cum
803 4311 837 4372 et
855 4307 922 4372 illis
941 4307 1037 4374 ethis
1056 4307 1260 4391 temporibus
1275 4309 1371 4374 amici
1465 4297 1471 4306 ⁸

231 4413 421 4501 amicorum,
456 4415 549 4500 pueri
579 4414 762 4499 puellarum
795 4414 931 4480 arbitrio
968 4417 1038 4480 toto
1070 4417 1200 4499 pectore
1236 4418 1270 4481 11
1301 4438 1373 4481 cum
