3074 4966
264 297 304 361 10
624 295 654 348 F.
673 291 796 348 Hanlel:
816 292 850 346 de
869 291 1038 362 panegyrico

261 459 504 543 praenuntiare,
537 458 592 522 sed
623 480 674 521 res
708 459 818 541 gestas
852 460 887 520 ut
922 455 1049 521 futuras
1085 454 1258 520 vaticinari
1290 455 1404 519 solent

262 566 368 643 Quare
398 564 592 648 Panegyrici
625 565 817 647 scriptorem
849 564 954 626 totam
985 560 1158 626 Messallae
1190 563 1292 626 vitam
1329 564 1404 625 ante

262 672 373 737 oculos
397 671 550 736 habuisse
572 692 639 735 non
661 673 710 734 est
734 672 994 734 consentaneum.

349 777 422 843 Huc
446 777 581 860 accedit,
609 776 694 861 quod
717 776 789 859 ipsa
812 775 919 839 oratio
941 775 1108 859 totiusque
1136 775 1289 839 carminis
1318 774 1406 838 color

170 943 187 968 ,
263 885 413 950 omnibus
445 884 513 948 fere
547 884 694 966 partibus
728 882 871 946 declarat
900 880 1135 965 Panegyricum
1165 884 1240 964 post
1268 878 1407 964 Vergili,

262 992 394 1075 Horati,
419 969 514 1055 Ovidi
542 993 682 1054 aetatem
711 989 868 1071 scriptum
896 1011 966 1052 esse
992 1010 1059 1053 non
1085 1011 1189 1071 posse.
1234 985 1321 1052 Nam
1345 987 1407 1051 etsi

263 1101 360 1181 poeta
383 1095 586 1160 firmissimas
610 1117 761 1159 versuum
784 1094 1028 1178 pangendorum
1051 1095 1256 1179 maximeque
1278 1093 1407 1158 incisio-

262 1227 340 1268 num
365 1195 663 1267 oonstituendarum
686 1200 776 1284 leges
800 1200 863 1263 sibi
889 1199 1113 1284 praescripsit,
1141 1203 1253 1266 tamon
1279 1201 1407 1284 elegan-

263 1310 344 1374 tiam
363 1309 456 1373 illam
469 1311 738 1391 venustatemque
753 1307 878 1371 dicendi
898 1310 931 1371 et
944 1329 1095 1372 versuum
1115 1307 1408 1391 componendorum

263 1415 457 1479 facilitatem
473 1414 749 1497 splendoremque,
764 1413 881 1497 quibus
895 1413 1072 1478 virtutibus
1087 1407 1275 1498 Augusteae
1290 1412 1408 1476 aetatis

262 1524 378 1605 poetae
400 1519 468 1584 fere
496 1541 608 1584 omnes
632 1520 806 1602 excellunt,
835 1519 870 1582 in
891 1519 1092 1603 Panegyrico
1121 1519 1243 1585 frustra
1266 1541 1409 1604 quaeres,

263 1631 300 1691 ut
316 1649 375 1690 nec
388 1625 507 1691 Horati
520 1647 581 1689 nee
593 1623 724 1709 Vergili
737 1647 796 1689 neo
811 1624 908 1689 Ovidi
921 1626 1023 1689 libros
1042 1627 1076 1690 in
1091 1626 1240 1689 manibus
1254 1624 1409 1689 habuisse

263 1733 456 1817 Panegyrici
480 1731 671 1816 scriptorem
695 1733 774 1796 satis
798 1735 963 1815 appareat.
1282 1783 1288 1788 .

353 1839 463 1904 Verba
494 1843 602 1904 autem
630 1839 714 1922 ipsa,
745 1837 863 1921 quibus
889 1838 1101 1922 panegyrista
1127 1839 1245 1920 utitur,
1273 1860 1339 1903 non
1368 1839 1409 1902 ab
1514 1887 1515 1902 t

265 1945 333 2009 illis
360 1947 466 2028 poetis
489 1945 634 2028 repetiit,
662 1945 718 2008 sed
741 1943 898 2028 Ennium,
920 1943 1107 2009 Lucretium
1133 1944 1279 2029 aliosque
1301 1944 1410 2008 neseio

266 2072 346 2134 quos
376 2051 577 2134 superiorum
598 2055 782 2133 temporum
806 2050 980 2132 scriptores
1008 2050 1157 2113 imitatus
1180 2072 1250 2114 esse
1274 2049 1410 2112 videtur.

266 2156 319 2222 Sic
343 2180 424 2242 quae
447 2156 586 2241 legimus
609 2156 644 2220 in
667 2155 869 2239 Panegyrico
892 2178 943 2220 vv.
968 2155 1165 2220 123—129:

401 2280 606 2365 Splendidior
628 2280 761 2364 liquidis
785 2301 857 2343 oum
882 2277 939 2343 Sol
962 2283 1060 2364 caput
1083 2267 1210 2344 extulit
1223 2279 1317 2342 undis
1372 2274 1412 2363 '¹5

399 2387 445 2452 llt
467 2388 537 2452 fera
560 2387 722 2451 discordes
745 2388 920 2450 tenuerunt
941 2385 1075 2450 flamina
1097 2386 1198 2470 yenti,

402 2492 508 2558 Curva
529 2514 588 2556 nec
612 2492 762 2556 adsuetos
786 2495 923 2575 egerunt
945 2491 1080 2555 flumina
1103 2513 1228 2576 auraria,

402 2599 488 2676 Quin
509 2597 659 2662 rabidum
681 2596 817 2680 placidis
841 2597 940 2660 etiam
963 2619 1052 2660 mare
1075 2597 1225 2662 constitit
1247 2598 1354 2682 undis,

402 2704 504 2770 Nulla
525 2726 584 2768 neo
607 2704 710 2768 aerias
732 2702 873 2767 volucris
896 2701 1077 2784 perlabitur
1100 2725 1195 2767 auras
1294 2783 1296 2788 Ι

402 2809 472 2874 Neo
495 2810 677 2894 quadrupes
702 2808 817 2873 densas
840 2807 1025 2892 depascitur
1048 2831 1162 2892 aspera
1185 2810 1297 2893 silvas,

403 2917 489 2994 Quin
511 2915 634 3001 largita
655 2916 722 2980 tuis
746 2915 812 2979 sint
835 2918 927 2978 muta
949 2914 1082 2979 silentia
1104 2915 1190 2981 votis
1211 2953 1253 2962 —
1367 2932 1370 2938 '

270 3042 439 3108 simillima
462 3044 540 3105 sunt
562 3062 673 3105 eorum
696 3060 778 3123 quae
797 3039 925 3101 exstant
943 3038 1028 3121 apud
1046 3037 1221 3124 Ennium1)
1241 3039 1307 3105 Sat.
1321 3042 1413 3126 reliq.
1513 2999 1514 3028 ἶ

271 3148 356 3233 Scip.
378 3147 436 3232 IV,
461 3147 502 3211 10
525 3166 620 3245 sqq:¹

528 3268 666 3334 mundus
683 3267 773 3333 vcaeli
796 3272 907 3332 vastus
931 3267 1081 3331 constitit
1104 3267 1234 3334 silentio

403 3376 448 3441 llt
470 3375 641 3460 Neptunus
666 3379 780 3439 saevus
802 3375 895 3439 undis
919 3374 1043 3458 asperis
1065 3397 1201 3458 pausam
1224 3376 1325 3460 dedit3

406 3481 462 3548 Sol
486 3482 577 3566 equis
600 3481 663 3545 iter
685 3482 841 3565 repressit
864 3480 997 3564 ungulis
1020 3478 1221 3563 volantibus,

406 3587 588 3656 Constitere
612 3609 722 3651 amnes
744 3609 913 3671 perennes,
935 3587 1067 3651 arbores
1090 3589 1187 3650 vento
1210 3592 1336 3653 vacant.

271 3721 417 3799 Itemque
440 3713 517 3778 Pan.
538 3736 568 3778 v.
593 3712 671 3776 103:

408 3837 470 3903 Seu
493 3837 597 3901 libeat
619 3836 781 3920 duplicem
804 3836 975 3900 seiunctim
998 3857 1127 3899 cernere
1149 3835 1290 3900 Martem

274 3964 315 4027 ad
332 3963 475 4027 Ennium
492 3959 678 4026 referendus
698 3982 768 4024 esse
788 3959 928 4043 videtur,
952 3959 1042 4024 cuius
1065 3959 1146 4024 haec
1169 3962 1245 4024 sunt
1267 3959 1301 4023 in
1319 3958 1415 4044 Trag.

273 4068 331 4134 rel.
354 4068 418 4132 297
426 4090 434 4131 :

349 4313 368 4382 ¹)
396 4312 528 4367 Elitionis
552 4311 756 4379 varronianae,
782 4329 866 4382 quam
889 4310 920 4368 in
942 4310 1066 4367 versibus
1087 4312 1283 4368 enumerandis
1309 4329 1416 4386 sequor,

275 4422 302 4471 p.
324 4407 384 4456 156.
