3074 4966
296 270 316 341 8
657 273 688 332 F.
707 273 830 334 Hankel:
850 271 885 333 de
903 273 1071 348 panegyrico

295 445 466 508 caremihi
485 444 603 527 videor,
626 465 699 507 cum
718 465 804 527 eum,
823 444 878 529 qui
896 442 1134 526 Panegyricum
1153 441 1347 528 composuit,
1366 463 1441 508 con-

295 550 381 614 sulto
405 573 442 615 ac
465 533 608 614 studiose
632 549 801 614 Tibullum
824 551 988 614 imitatum
1011 571 1082 613 esse
1104 569 1198 632 nego.
1395 539 1396 544 ¹

382 656 531 720 Alteram
554 657 656 741 igitur
678 657 839 722 rationem
862 662 896 720 et
917 654 1151 738 condicionem,
1175 676 1238 738 qua
1261 677 1300 718 011
1318 654 1440 738 Heynii

295 763 456 826 sententia
479 785 609 827 carmen
626 764 784 852 scriptum
803 785 873 828 esse
891 764 1033 846 poterat,
1056 761 1250 825 refellimus:
1273 764 1390 845 restat,
1410 764 1440 826 si

293 869 329 932 in
349 867 470 952 Heynii
493 869 644 952 opinione
667 873 863 953 perstemus,
890 873 928 933 ut
957 868 1149 950 scriptorem
1177 870 1233 932 aut
1255 867 1347 931 nullo
1371 868 1438 931 alio

294 975 429 1040 oonsilio
460 975 633 1040 adductum
662 965 727 1040 nisi
756 979 794 1039 nt
822 974 908 1038 vires
938 977 1116 1056 exerceret,
1146 977 1203 1037 aut
1231 977 1439 1056 reputantem

295 1081 415 1165 anime,
439 1082 555 1165 quibus
578 1082 614 1145 in
635 1080 797 1165 angustiis
821 1101 906 1143 anno
931 1079 995 1143 723
1025 1079 1283 1144 adolescentulus
1308 1081 1439 1164 quidam

292 1191 439 1251 versatus
468 1191 567 1271 esset,
600 1191 632 1251 et
660 1187 907 1252 assimulantem
935 1207 969 1249 se
997 1206 1070 1248 eum
1102 1207 1172 1249 esse
1206 1186 1262 1268 qui
1293 1186 1329 1249 in
1355 1187 1440 1251 illud

293 1293 436 1356 omnium
460 1315 569 1357 rerum
592 1292 765 1358 discrimen
788 1295 972 1375 vocaretur,
1000 1312 1130 1355 carmen
1158 1293 1360 1356 contexuisse
1382 1315 1439 1376 po-

291 1420 414 1464 namus.

381 1504 430 1569 Ac
459 1506 487 1569 si
513 1507 656 1589 priorem
684 1505 777 1570 illam
806 1505 1002 1570 sententiam
1031 1505 1268 1588 persequimur,
1296 1505 1437 1588 primunr

293 1610 375 1675 illud
402 1611 438 1676 in
461 1611 603 1675 mentem
625 1612 841 1675 revocandum
866 1614 928 1694 est,
953 1614 1179 1694 argumentum
1208 1611 1272 1674 sibi
1300 1611 1437 1694 elegisse

294 1717 487 1802 scriptorem
506 1718 547 1782 ab
567 1717 746 1782 iuventutis
765 1738 854 1782 more
874 1739 910 1781 00
928 1717 1055 1782 ratione
1075 1717 1320 1782 alienissimum.
1351 1716 1434 1782 Nam

292 1845 363 1887 cum
395 1824 480 1888 nihil
512 1823 635 1888 maiore
664 1845 736 1888 eum
764 1823 878 1888 ardore
906 1827 940 1887 et
972 1824 1080 1890 studio
1109 1823 1344 1888 adolescentuli
1370 1845 1435 1887 am·

290 1928 487 2013 plectantur,
511 1931 595 1994 sicut
618 1953 729 1994 omnes
753 1930 878 2013 experti
906 1951 1030 2013 sumus,
1058 1952 1155 2014 quam
1178 1933 1214 1994 ut
1238 1952 1436 1994 summorum

293 2036 437 2100 virorum
450 2036 712 2118 praeclarissima
726 2036 870 2100 facinora
884 2036 972 2100 domi
986 2036 1187 2120 militiaeque
1201 2039 1294 2120 gesta
1309 2035 1438 2100 luxuria

292 2142 430 2225 quadam
467 2143 623 2208 orationis
659 2142 873 2226 omnibusque
908 2141 1057 2206 laudibus
1088 2143 1123 2206 in
1152 2143 1277 2206 caelum
1306 2140 1436 2224 tollant,

289 2248 343 2312 hie
370 2252 468 2331 poeta
494 2250 529 2313 in
556 2249 650 2314 laude
677 2251 824 2313 versatus
852 2247 1040 2332 Messallae,
1073 2249 1128 2333 qui
1154 2248 1279 2313 Romae
1311 2247 1436 2330 aliquot

291 2376 402 2418 causas
431 2355 514 2419 dixit
542 2357 660 2440 quique
689 2355 882 2439 quibusdam
910 2355 1036 2419 levibus
1063 2355 1199 2440 proeliis
1227 2353 1375 2418 interfuit
1402 2357 1436 2417 et

291 2461 392 2523 aciem
420 2461 580 2552 instruere
609 2461 794 2544 militesque
822 2461 920 2525 armis
949 2460 1075 2525 erudire
1102 2461 1229 2544 didicit,
1257 2460 1375 2525 exilem
1402 2464 1436 2523 et

290 2589 423 2649 prorsus
447 2567 576 2632 inanem
600 2566 770 2630 materiem
793 2566 857 2630 sibi
879 2567 1057 2649 proposuit.
1090 2565 1152 2631 Sed
1176 2567 1295 2631 summi
1317 2567 1352 2630 in
1373 2566 1435 2630 hac

289 2694 324 2736 re
349 2673 554 2737 diiudicanda
576 2673 733 2738 momenti
757 2695 825 2737 esse
848 2672 988 2754 videtur,
1017 2672 1101 2755 quod
1130 2671 1273 2736 omnium
1302 2669 1435 2738 illarum

289 2799 410 2862 rerum,
431 2800 510 2862 quas
529 2784 605 2862 post
624 2802 744 2844 annum
764 2779 827 2842 723
846 2777 1003 2842 Messalla
1021 2777 1136 2862 gessit,
1160 2800 1305 2862 quaeque
1322 2801 1436 2844 revera

289 2884 406 2968 dignae
431 2891 524 2950 erant
548 2909 629 2971 quae
658 2885 879 2969 laudarentur,
906 2888 1004 2969 poeta
1030 2885 1229 2950 mentionem
1254 2907 1321 2950 non
1347 2886 1436 2951 facit.

288 2990 333 3055 Et
352 2992 464 3056 omisit
487 2992 618 3075 quidem
640 2991 829 3056 Messallam
851 2992 887 3056 in
909 3011 1019 3074 pugna
1042 2992 1082 3054 ad
1104 2991 1238 3055 Actium
1261 2991 1435 3056 commissa

288 3097 375 3179 parti
398 3096 511 3160 classis
535 3097 715 3179 praefuisse
739 3100 772 3160 et
790 3097 826 3160 in
843 3095 926 3160 Asia
943 3117 1097 3180 magnam
1116 3119 1282 3161 servorum
1300 3121 1434 3162 uranum

289 3203 445 3267 delevisse
453 3200 492 3287 ¹);
530 3203 660 3266 silentio
692 3203 862 3286 praeteriit
897 3203 1033 3266 eundem
1065 3225 1137 3267 cum
1169 3203 1345 3289 Aquitanis
1382 3205 1434 3267 de·

287 3309 428 3373 bellasse
452 3330 489 3372 ac
511 3308 713 3392 triumphum
736 3305 883 3393 egisse2).
918 3307 1020 3384 Quam
1042 3331 1118 3373 vero
1142 3313 1257 3393 pontea
1278 3309 1435 3376 Messalla

288 3413 389 3478 animi
425 3415 648 3498 magnitudine
685 3435 723 3478 ac
759 3416 912 3480 libertate
950 3415 1090 3499 gloriam
1126 3420 1177 3482 est
1209 3421 1398 3481 consecutus
1406 3414 1433 3492 ³)

289 3541 450 3603 quamque
488 3520 655 3585 doctrinae
692 3520 938 3604 litterarumque
976 3520 1091 3585 studiis
1125 3521 1252 3586 laudem
1284 3523 1348 3587 sibi
1378 3545 1434 3606 pe-

287 3623 414 3710 1101114),
437 3649 478 3689 ne
501 3628 600 3691 verbo
625 3626 754 3710 quidem
776 3631 874 3711 poeta
895 3627 931 3690 in
949 3626 1148 3711 Panegyrico
1172 3628 1298 3712 attigit,
1322 3651 1433 3712 quam-

288 3753 385 3814 quam
417 3731 497 3797 haec
529 3734 640 3798 omnia
671 3733 753 3797 talia
784 3737 889 3817 erant,
922 3755 1003 3818 quae
1032 3757 1154 3798 summo
1183 3734 1252 3798 iure
1281 3733 1432 3800 laudibus

287 3837 485 3902 efferrentur.
536 3839 655 3922 Quare,
684 3862 765 3924 quae
792 3845 868 3922 post
896 3862 1015 3904 annum
1044 3841 1108 3904 723
1135 3839 1291 3904 Messalla
1318 3841 1433 3924 gessit,

286 3947 384 4026 poeta
401 3965 468 4007 non
480 3944 663 4028 neglexisse
681 3946 734 4010 vel
753 3947 972 4030 praeteriisse,
991 3968 1104 4011 verum
1121 3946 1275 4011 nesciisse
1295 3946 1433 4013 videtur.

360 4117 379 4186 ¹)
400 4116 511 4172 Cassius
530 4119 583 4174 Dio
602 4120 650 4188 LI,
670 4127 693 4174 7.

359 4205 379 4274 2)
398 4207 517 4276 Appian.
537 4208 563 4262 b.
584 4225 607 4262 c.
626 4208 673 4277 IV,
693 4215 735 4263 38.

359 4291 464 4364 3)’Το0.
484 4299 555 4352 Α1111.
575 4297 625 4364 VI,
647 4305 688 4351 11.

357 4383 378 4454 ⁴)
398 4383 513 4451 Quintil.
533 4385 572 4456 x,
591 4393 620 4457 0,
640 4393 664 4440 0.
687 4387 713 4456 1,
733 4391 757 4456 a,
778 4394 810 4440 13
830 4389 859 4442 et
877 4393 920 4444 00.
