3074 4966
520 317 550 370 ln
569 316 727 372 Messallam
746 316 913 372 Tibulliano.
1249 319 1289 382 13

147 478 382 562 acquieturum,
405 481 434 544 si
452 502 564 544 revera
583 483 688 545 totam
708 481 775 546 eius
795 482 896 546 vitam
919 483 1084 566 cognitam
1107 481 1289 565 habuisset,

146 588 184 648 ut
201 587 403 668 praeteream
421 609 507 670 eum,
526 587 582 671 qui
601 587 842 652 exercitationis
861 611 958 653 causa
977 589 1195 653 laudationem
1214 591 1290 654 scri-

138 681 222 756 'bere
237 691 406 776 voluisset,
421 693 510 758 aliud
524 693 587 758 sibi
601 695 830 777 argumentum
848 693 946 759 firisse
966 699 1168 778 sumpturum
1186 719 1289 781 neque

147 797 188 862 ad
206 797 393 883 Messallae,
413 801 468 864 666
488 801 528 865 ad
546 799 704 884 Augusti,
722 799 902 885 Agrippae,
920 799 1132 886 Maecenatis,
1151 803 1289 868 aliorum

146 905 276 970 laudem
298 905 399 970 fuisse
423 928 639 990 accessurum,
661 911 699 971 ut
717 907 847 971 mittam
866 929 964 990 quam
981 907 1139 974 dissimile
1158 911 1227 974 veri
1246 911 1290 976 sit

147 1035 342 1097 quemquam
371 1013 561 1096 posterioris
595 1014 713 1077 aetatis
743 1013 908 1078 hominem
940 1014 975 1078 in
1008 1015 1176 1080 scribendo
1208 1020 1289 1081 tam·

146 1141 245 1202 quam
263 1123 373 1202 partes
393 1123 541 1185 acturum
558 1120 659 1184 fuisse
679 1119 912 1185 adulescentuli
931 1141 1015 1184 anno
1037 1121 1101 1185 723
1115 1121 1288 1188 Messallae

146 1226 304 1291 auxilium
327 1227 548 1310 implorantis,
570 1226 603 1290 id
627 1225 711 1310 quod
730 1225 851 1290 factum
875 1249 945 1290 esse
965 1228 1073 1312 debet,
1095 1229 1160 1293 nisi
1178 1251 1288 1313 preces

145 1333 221 1398 illas
250 1331 293 1419 (v.
319 1331 516 1418 rar-189)
543 1353 677 1416 prorsus
705 1333 831 1416 ineptas
861 1355 931 1397 esse
958 1334 1092 1400 dixeris:
1119 1335 1182 1399 hoc
1209 1336 1289 1416 dico,

145 1444 279 1524 propter
296 1463 393 1504 unam
415 1462 564 1506 versuum
581 1438 803 1504 faciendorum
820 1440 982 1504 rationem
993 1445 996 1450 ⁴
1006 1445 1177 1526 utrumque
1195 1464 1290 1524 pane·

146 1549 293 1634 gyricum
317 1549 357 1613 ab
381 1547 493 1612 eodem
516 1550 614 1630 poeta
638 1547 794 1630 scripturn
818 1569 888 1610 esse
911 1569 977 1612 non
999 1570 1105 1631 posse.
1141 1547 1290 1632 Namque

145 1657 181 1720 in
208 1657 270 1720 261
295 1656 441 1722 versibus
468 1653 656 1738 panegyrici
685 1653 720 1717 in
742 1653 895 1719 Pisonem
923 1657 1077 1739 quattuor
1104 1655 1290 1720 lenissimae

146 1762 354 1826 inveniuntur
389 1762 551 1827 vocalium
586 1761 771 1826 litterarum
809 1761 975 1846 elisiones,
1007 1786 1036 1827 v.
1066 1763 1107 1825 14
1144 1761 1290 1826 ‘necesse

147 1868 221 1950 est',
245 1892 274 1933 v.
293 1870 336 1933 24
360 1869 474 1953 ‘atque
497 1867 599 1949 illos’,
622 1891 651 1932 v.
671 1869 711 1932 81
737 1867 853 1951 ‘quare
877 1868 964 1953 ego’,
987 1893 1017 1932 v.
1038 1870 1099 1932 168
1120 1867 1289 1933 ‘credibile

148 1975 212 2040 est’
241 1973 384 2062 (secutus
412 1998 484 2040 sum
510 1975 657 2039 ordinem
685 1996 836 2039 versuum
863 1973 1042 2060 Weberi¹);
1070 1975 1105 2039 in
1133 1976 1197 2038 211
1221 1998 1290 2040 ver-

148 2083 237 2148 sibus
266 2083 400 2147 alterius
429 2081 582 2147 carminis
609 2080 728 2163 viginti
756 2101 827 2144 sex:
859 2105 889 2146 y.
919 2083 968 2147 12.
998 2083 1048 2146 17.
1076 2082 1128 2146 28.
1157 2082 1208 2144 29.
1237 2082 1289 2146 43.

149 2191 200 2254 67.
225 2191 275 2254 70.
300 2188 351 2254 75.
375 2190 425 2253 77.
453 2177 505 2253 91.
530 2189 603 2251 101.
628 2187 700 2251 119.
725 2187 798 2252 133.
823 2188 895 2252 148.
922 2187 993 2253 152.
1023 2187 1096 2252 155.
1121 2187 1192 2251 156.
1218 2188 1289 2252 165.

151 2298 222 2361 166.
248 2297 321 2361 176.
346 2297 418 2359 179.
444 2296 506 2360 182
531 2291 649 2379 (6666).
675 2293 746 2356 196.
772 2294 941 2357 197210.
969 2293 1143 2358 Praeterea
1161 2295 1195 2358 in
1208 2293 1290 2358 Mes-

148 2404 247 2469 sallae
267 2403 454 2467 laudatione
474 2399 539 2464 ‘et'
553 2399 727 2482 particula,
747 2400 866 2482 quade
885 2421 920 2464 re
937 2401 1049 2485 paullo
1068 2400 1202 2464 inferius
1221 2401 1291 2484 plu·

145 2511 235 2576 ribus
259 2511 429 2592 disseram,
453 2507 580 2590 saepius
603 2507 679 2588 post
697 2505 838 2588 primum
856 2508 1016 2573 enuntiati
1034 2508 1169 2572 verbum
1193 2507 1292 2574 colloz

147 2621 220 2683 cata
243 2621 305 2701 est,
329 2617 364 2680 in
384 2615 579 2699 panegyrico
603 2613 638 2676 in
659 2611 812 2676 Pisonem
835 2635 1004 2699 nusquam.

234 2721 308 2787 Huc
335 2722 471 2804 accedit,
499 2719 584 2805 quod
612 2719 765 2783 carminis
793 2719 829 2784 in
855 2719 1007 2785 Pisonem
1036 2721 1189 2805 scriptori
1211 2719 1290 2785 Ver-

147 2831 260 2913 gilius,
286 2827 458 2908 Horatius,
487 2827 545 2890 alii
573 2825 759 2910 Augusteae
785 2829 900 2910 poetae
931 2829 1003 2892 noti
1031 2832 1120 2911 sunt,
1152 2849 1289 2911 quorum

146 2935 225 3001 libri
257 2935 299 3018 ei,
333 2933 388 3017 qui
421 2933 558 2996 alterum
591 2955 722 2996 carmen·
750 2933 944 3016 composuit,
976 2933 1012 2996 in
1043 2934 1192 2998 manibus
1224 2955 1290 2997 non

147 3042 285 3106 fuerunt.
329 3039 380 3104 aa
404 3042 513 3102 autem
536 3037 730 3120 similitudo,
758 3061 839 3122 quae
867 3039 952 3102 inter
974 3041 1148 3104 nonnullos
1168 3041 1290 3104 utrius-

151 3167 212 3228 que
243 3146 432 3229 panegyrici
464 3167 576 3210 versus
609 3145 793 3228 intercedit,
824 3145 907 3209 mihi
944 3146 1086 3230 quidem,
1117 3147 1176 3210 illa
1208 3169 1289 3229 quae

149 3241 245 3315 antea
267 3251 333 3314 dixi
356 3253 463 3316 animo
482 3253 657 3335 repetenti,
675 3275 742 3316 non
764 3253 934 3316 indenata
953 3274 1022 3317 esse
1041 3253 1181 3336 videtur,
1205 3253 1290 3335 quod

146 3362 318 3442 utrumque
347 3381 477 3423 carmen
504 3359 545 3422 ab
572 3379 637 3422 uno
665 3351 763 3440 poeta
792 3358 1007 3441 compositum
1035 3360 1091 3442 sit,
1122 3359 1176 3422 sed
1205 3359 1290 3443 quod

145 3465 335 3550 panegyrici
362 3466 397 3529 in
424 3465 577 3530 Pisonem
611 3464 751 3553 scriptor
783 3464 886 3528 altero
917 3466 1058 3530 carmine
1086 3487 1170 3530 usus
1194 3465 1289 3547 idque

146 3571 293 3636 imitatus
317 3576 376 3636 est.

235 3678 327 3743 Haec
346 3677 414 3741 fere
437 3677 553 3760 habui,
577 3700 658 3762 quae
682 3677 821 3742 dicerem
844 3677 1094 3760 contraHeynii
1117 3672 1300 3761 eorumque

147 3786 346 3869 opinionem,
371 3785 428 3869 qui
449 3784 682 3868 panegyricum
712 3784 746 3847 in
768 3783 957 3848 Messallam
979 3787 1055 3866 post
1082 3806 1201 3848 annum
1225 3785 1289 3850 723

148 3915 167 3956 6
190 3891 345 3976 quopiam
368 3891 533 3956 inferioris
556 3891 675 3955 aetatis
698 3893 795 3972 poeta
818 3891 974 3975 scriptum
997 3913 1067 3954 esse
1091 3893 1231 3954 censent.

234 3996 307 4063 Hoc
322 4002 431 4062 autem
447 4020 521 4061 cum
536 4000 702 4062 assecutus
721 3996 802 4060 mihi
821 4017 891 4060 esse
911 3997 1020 4060 videar
1039 4018 1174 4080 cumque
1189 3995 1290 4060 Pane·

147 4105 297 4187 gyricum
328 4105 368 4168 ad
398 4126 518 4168 annum
548 4103 614 4184 723
650 4103 853 4167 referendum
890 4124 959 4166 esse
991 4103 1290 4185 demonstraverim,

221 4349 240 4418 ¹)
255 4349 357 4404 Incerti
371 4349 492 4405 auctoris
506 4366 618 4404 carmen
630 4348 830 4419 panegyricum
843 4347 873 4402 in
887 4346 1069 4419 Calpurnium
1082 4347 1212 4404 Pisonem
1226 4365 1288 4402 cum

146 4435 217 4509 prol.
237 4434 279 4492 ed.
299 4451 317 4490 a
335 4432 364 4492 C.
384 4437 414 4492 P.
435 4437 555 4494 Webero
573 4437 719 4506 Marburgi
736 4453 761 4491 a.
781 4442 858 4491 1859.
