3074 4966
270 386 312 454 34
630 385 661 442 F.
680 381 803 444 Hankel:
822 384 856 442 de
875 382 1044 459 panegyrico

217 549 220 554 ’
262 554 421 636 perfecta,
447 573 519 616 oum
542 552 646 616 eidem
667 552 749 636 epici
768 552 918 616 carminis
943 545 1066 635 labori,
1081 551 1137 616 ubi
1155 571 1206 616 res
1226 570 1292 616 non
1309 543 1417 616 animi

264 661 389 744 ardore,
413 660 469 723 sed
491 657 615 740 ingenii
640 658 785 723 acumine
810 659 989 742 finguntur,
1012 680 1145 741 prorsus
1170 658 1236 725 sint
1259 657 1416 741 impares.

265 765 373 851 Atque
397 767 453 830 ille
478 764 577 830 animi
599 763 709 828 fervor
732 769 765 829 et
787 765 927 849 impetus
950 763 1100 848 proprius
1126 767 1175 827 est
1198 753 1343 828 'fibulis

354 871 477 948 Quodsi
507 872 548 935 ad
578 871 679 934 animi
702 870 909 935 altitudinem
938 870 1018 934 artis
1049 873 1083 933 et
1111 869 1275 934 doctrinae
1303 869 1416 934 studia

266 979 472 1061 accesserint,
488 978 564 1062 quid
580 998 705 1061 censes,
720 977 848 1060 qualem
866 977 961 1040 illum
981 978 1013 1039 et
1028 978 1184 1059 quantum
1202 998 1309 1039 rerum
1324 998 1414 1039 ama-

264 1085 423 1148 toriarum
445 1087 577 1168 poetam
599 1083 743 1148 futurum
770 1083 892 1147 fuisse?
939 1082 1044 1159 Quare
1068 1081 1149 1144 mihi
1172 1080 1321 1147 Tibullus
1343 1104 1414 1146 non

266 1191 370 1276 magis
393 1189 517 1274 ingenii
545 1189 767 1272 magnitudine
795 1212 892 1273 quam
920 1188 1020 1252 animi
1047 1188 1209 1271 ubertate,
1238 1188 1414 1255 coniuncta

265 1319 337 1361 cum
369 1297 507 1381 quadam
540 1295 704 1380 elegantia
736 1299 768 1358 et
800 1297 970 1359 venustate
1002 1293 1144 1376 dicendi,
1177 1316 1249 1356 eam
1281 1293 1413 1358 laudem

265 1403 328 1466 sibi
355 1402 483 1466 videtur
510 1403 688 1486 peperisse,
721 1423 818 1484 quam
846 1400 931 1465 inter
958 1401 1123 1485 aequales
1141 1402 1331 1464 consecutus
1360 1403 1415 1462 est

264 1513 297 1572 et
324 1508 385 1572 hae
413 1509 513 1572 etiam
541 1512 646 1572 aetate
671 1508 806 1572 obtinet.
853 1505 915 1570 Sed
939 1507 978 1571 ad
1008 1507 1134 1591 epicum
1161 1527 1262 1591 genus
1285 1506 1413 1588 ingenii

263 1615 439 1698 requiritur
462 1615 619 1698 quaedam
643 1613 846 1696 magnitudo,
869 1635 933 1696 qua
960 1614 1103 1678 tenerior
1130 1612 1254 1676 Tibulli
1282 1613 1412 1676 animus

264 1725 360 1785 caret.
412 1721 500 1798 Quae
529 1743 603 1785 cnm
629 1721 677 1784 ita
710 1720 789 1802 sint,
816 1722 914 1802 poeta
941 1719 1067 1802 epicum
1096 1719 1206 1783 stilu'm
1235 1720 1268 1781 et
1295 1739 1411 1783 sonum

263 1849 342 1911 non,
367 1827 451 1892 sicut
474 1825 627 1912 Vossio¹y
650 1826 788 1911 placuit,
810 1826 968 1909 noluisse,
998 1826 1141 1889 sednon
1167 1825 1312 1908 potuisse
1336 1846 1411 1888 oon-

266 1935 357 2016 sequi
381 1934 517 1998 videtur.
543 1933 616 1998 Huc
641 1934 669 1996 si
692 1934 852 1998 addideris
875 1955 942 1996 non
964 1932 1069 1995 libera
1087 1930 1210 1994 Tibulli
1233 1931 1412 2014 voluntate,

265 2040 321 2102 sed
358 2038 544 2103 calamitate
581 2039 769 2104 imminente
806 2039 1043 2122 Panegyricum
1082 2060 1151 2102 esse
1189 2037 1412 2120 conscriptum

265 2167 365 2230 eoque
389 2149 536 2228 tempore
560 2147 791 2230 compositum,
814 2169 877 2230 quo
896 2145 1044 2210 Tibullus
1069 2144 1329 2209 adulescentulus
1351 2143 1413 2208 illa

188 2323 192 2330 ¹
264 2253 427 2316 iudicandi
464 2254 497 2314 et
529 2251 735 2316 existimandi
771 2251 966 2336 subtilitate,
998 2273 1094 2336 quam
1125 2254 1241 2335 postea
1273 2251 1410 2333 adeptus

184 2381 185 2386 ¹
263 2363 329 2442 est,
358 2359 456 2422 etiam
485 2359 629 2441 carebat,
655 2380 722 2422 non
748 2359 845 2422 nimis
879 2359 983 2422 audax
1012 2380 1082 2422 esse
1108 2358 1257 2441 videbor,
1281 2357 1309 2421 si
1335 2356 1412 2420 Pal-

266 2465 368 2549 dami,
386 2465 608 2547 Hertzbergii,
628 2464 765 2528 aliorum
780 2465 972 2528 auctoritate
987 2465 1138 2548 neglecta
1155 2465 1238 2528 vitia
1256 2463 1411 2528 carminis

264 2572 445 2636 excusanda
464 2574 497 2635 et
514 2570 645 2636 Tibullo
664 2570 900 2654 Panegyricum
921 2572 1127 2636 tribuendum
1147 2593 1221 2643 ,esse
1246 2592 1410 2636 censuero.

173 2786 179 2798 ‘
264 2824 266 2830 ν
350 2783 530 2870 Postquam
548 2789 657 2850 autem
676 2806 714 2849 ea
733 2784 979 2870 explicavimus,
1000 2784 1116 2870 quibus
1132 2785 1262 2850 adducti
1276 2782 1409 2848 Tibullo

261 2889 498 2978 Panegyricum
526 2893 720 2975 tribuamus,
750 2893 910 2976 reliquum
938 2897 988 2956 est
1016 2896 1052 2956 ut
1080 2893 1118 2957 de
1146 2896 1291 2976 tempore
1320 2892 1408 2956 diea-

263 3019 348 3082 mus,
381 3021 444 3082 quo
471 3001 595 3082 primae
623 3002 739 3082 poetae
767 2999 891 3082 elegiae
919 3001 953 3062 in
980 2998 1146 3082 publicum
1173 2999 1333 3084 prodiisse
1362 2998 1408 3061 vi-

263 3103 409 3167 deantur:
435 3103 522 3168 Nam
545 3127 618 3168 cum
640 3103 773 3187 plurimi
795 3105 858 3169 viri
881 3105 969 3170 docti
988 3107 1127 3189 optimas
1142 3104 1265 3169 Tibulli
1283 3105 1407 3189 elegias

262 3210 464 3293 maximeque
484 3232 553 3294 eas,
572 3232 655 3293 ,quae
670 3209 784 3274 Deliae
808 3211 926 3276 missae
951 3217 1039 3295 sunt,
1063 3210 1102 3276 ad
1127 3213 1260 3296 eundem
1286 3211 1407 3276 annum

260 3315 415 3399 referant,
443 3339 506 3400 quo
534 3338 593 3380 nos
621 3315 859 3400 Panegyricum
889 3319 1047 3402 seriptum
1075 3340 1144 3382 esse
1173 3318 1407 3400 contendimus,

261 3443 318 3484 sno
342 3422 410 3485 iure
434 3426 571 3506 quaerat
590 3423 765 3507 quispiam,
788 3425 947 3508 quomodo
967 3425 1038 3489 fieri
1056 3425 1213 3510 potuerit,
1236 3427 1274 3489 ut
1293 3425 1406 3488 eodem

259 3527 326 3590 fere
359 3531 505 3612 tempore
536 3533 634 3612 poeta
661 3529 806 3594 ieiunum
832 3531 868 3594 in
894 3531 1083 3596 Messallam
1111 3553 1241 3595 carmen
1273 3536 1306 3594 et
1337 3530 1406 3612 pul-

260 3633 436 3699 cherrimas
460 3636 536 3699 illas
560 3635 681 3720 elegias
705 3637 797 3720 quasi
821 3659 884 3702 uno
908 3642 1019 3701 tenore
1044 3639 1270 3720 composuerit.

349 3739 409 3804 Sed
433 3741 523 3824 prius
553 3764 650 3826 quam
678 3742 718 3805 ad
744 3765 814 3807 rem
841 3743 946 3827 ipsam
976 3735 1161 3828 aggrediar,
1192 3766 1295 3827 pauca
1322 3742 1405 3807 mihi

258 3847 467 3929 proponenda
490 3852 566 3912 sunt
588 3847 627 3912 de
650 3852 809 3934 tempore,
834 3872 896 3933 quo
920 3849 1087 3914 Tibullum
1109 3853 1224 3914 natum
1247 3871 1317 3912 esse
1341 3849 1407 3911 exi-

260 3953 398 4016 stimem.
450 3953 563 4037 Atqui,
581 3954 666 4019 nihil
696 3957 777 4022 certi
807 3956 846 4020 de
877 3979 976 4040 anno,
1007 3980 1070 4041 quo
1100 3961 1194 4022 natus
1226 3955 1269 4019 sit
1297 3959 1406 4038 poeta,

260 4062 396 4123 constat.
441 4059 514 4125 Uno
538 4060 678 4125 Domitii
701 4062 802 4127 Marsi
826 4063 1074 4147 epigrammate:

348 4166 394 4229 Tc
417 4188 543 4252 quoque
566 4167 714 4252 Vergilio
739 4170 890 4234 comitem
913 4193 979 4234 non
1002 4191 1117 4254 aequa,
1139 4165 1282 4252 Tibulle,

392 4271 481 4339 Mors
505 4275 653 4339 iuvenem
677 4297 807 4361 campos
832 4277 922 4340 misit
946 4277 985 4340 ad
1003 4277 1149 4360 Elysios,

282 4417 470 4427 ...ψ-..ψη

333 4505 351 4572 ¹)
371 4504 399 4560 in
414 4503 596 4560 translatione
615 4519 702 4575 germ.
722 4501 783 4560 Tib.
803 4521 887 4562 carm.
907 4505 992 4577 praef.
1012 4524 1039 4577 p.
1059 4502 1156 4562 XXIII.
