3074 4966
172 259 174 269 Ι
225 272 269 339 40
589 272 1003 342 RHmmhmmemm
1061 244 1064 252 Ι

227 462 346 505 666616
367 438 430 504 725
451 438 601 502 Tibullus
613 441 754 522 ¹propter
772 438 852 503 artis
872 441 905 501 et
923 436 1102 500 carminum
1121 436 1264 518 aliquam
1282 433 1373 498 sirni-

225 547 396 612 litudinem
420 545 558 610 conferri
581 548 723 628 poterat,
747 567 860 608 verum
883 542 1047 626 Propertii
1069 564 1187 607 nomen
1204 565 1262 606 nec
1280 539 1372 634 ‘apud

225 653 400 718 Horatium
428 675 488 716 nec
518 652 603 734 apud
632 650 800 714 Tibullum
834 653 955 734 exstat,
989 653 1026 714 ut
1054 653 1168 714 neuter
1204 669 1277 712 cum
1310 647 1372 711 illo

227 761 372 826 amicitia
394 759 495 823 fuisse
519 758 707 822 coniunctus
730 756 887 821 videatur.

315 865 415 930 Vides
441 888 480 929 ex
502 864 634 929 Horatii
663 863 805 947 epistula
833 863 892 926 illa
918 885 959 926 ne
986 865 1114 946 tempus
1143 862 1272 947 quidem
1299 884 1375 926 con-

228 973 322 1037 stitui
344 994 454 1057 posse,
477 993 540 1056 quo
563 971 705 1054 primum
728 969 878 1033 Tibullus
901 970 936 1032 in
963 969 1096 1034 Horatii
1120 969 1298 1033 amicitiam
1321 991 1376 1032 ve-

226 1080 321 1144 nerit.
367 1078 442 1162 Sed,
465 1082 502 1141 ut
528 1077 611 1140 illud
634 1081 763 1160 tempus
792 1076 889 1140 certis
918 1076 1111 1160 quibusdam
1138 1074 1286 1140 terminis
1314 1074 1378 1137 cir-

227 1185 400 1251 cumscribi
418 1188 542 1268 posset,
561 1184 638 1268 quid
658 1186 743 1246 esset
762 1182 847 1266 quod
868 1182 942 1246 inde
961 1182 1252 1266 consequeremur?
1279 1179 1376 1245 Nihil

227 1292 291 1356 nisi
313 1291 482 1355 Tibullum
504 1313 562 1373 per
586 1294 710 1354 certum
740 1289 898 1372 temporis
922 1289 1063 1371 spatium
1086 1311 1180 1352 usum
1209 1310 1278 1352 esse
1301 1308 1378 1350 con-

228 1397 397 1462 suetudine
417 1395 561 1480 Horatii3
585 1397 624 1460 de
646 1380 792 1480 ipsarum
816 1395 996 1478 elegiarum
1013 1399 1161 1478 tempore
1185 1417 1223 1458 ox
1241 1393 1378 1458 Horatii

228 1503 359 1586 scriptis
382 1501 465 1566 mihi
488 1504 618 1587 quidem
641 1502 725 1566 nibil
747 1524 843 1585 posse
867 1501 980 1586 colligi
1002 1501 1137 1565 videtur.

316 1608 410 1674 Nihil
442 1609 545 1694 igitur
578 1609 658 1674 certi
689 1609 845 1673 habemus
874 1609 912 1672 (16
940 1612 1086 1692 tempore
1115 1607 1379 1672 Tibullianarum

230 1716 420 1799 elegiarum,
445 1716 510 1780 nisi
529 1716 702 1800 septimam
721 1715 798 1778 libri
811 1714 911 1798 primi
930 1715 1084 1798 scriptam
1104 1736 1173 1778 esse
1193 1735 1277 1778 anno
1298 1714 1378 1797 727;

230 1845 294 1907 quo
317 1827 428 1886 166166
451 1823 587 1906 accedit,
610 1823 696 1907 quod
724 1843 763 1886 ea
786 1821 941 1904 carmina,
965 1843 1047 1904 quae
1071 1821 1110 1884 ad
1134 1820 1265 1884 Deliam
1288 1841 1378 1902 spec-

199 1941 201 1944 ·
229 1931 316 2011 1661,
338 1932 473 2011 propter
495 1929 640 2012 ipsarum
663 1929 884 1993 condicionem
908 1929 948 1992 ad
967 1949 1067 1992 annos
1093 1927 1156 1991 723
1176 1929 1208 1990 61
1229 1927 1293 1990 724
1310 1947 1380 1990 666

230 2057 299 2098 6666
322 2034 507 2098 referendas
531 2036 762 2100 intelleximus.
796 2076 801 2083 -
1359 2043 1363 2050 '

318 2140 453 2224 Aliquid
484 2127 702 2205 autem⁸certi
730 2142 887 2206 constitui
914 2145 1023 2224 potest
1053 2142 1090 2205 de
1119 2141 1226 2225 elogia
1253 2141 1379 2204 decima

230 2248 307 2312 libri
330 2247 442 2331 primi,
467 2269 664 2332 quamquam
688 2249 788 2312 etiam
811 2248 849 2312 de
870 2247 932 2312 hoc
951 2248 1093 2313 carmine
1110 2249 1254 2312 virorum
1268 2246 1379 2311 docto-

230 2377 303 2418 rum
327 2354 506 2418 sententiae
530 2353 738 2419 vehementer
760 2355 845 2419 inter
870 2378 904 2418 se
927 2354 1120 2438 discrepant.
1156 2353 1378 2418 Kindscherus

231 2460 329 2548 enim,
361 2459 479 2542 quique
513 2481 586 2524 cum
618 2481 655 2524 eo
683 2461 820 2542 faciunt,
853 2481 936 2523 anno
967 2461 1044 2544 723,
1077 2457 1275 2547 (1111661661)
1303 2461 1380 2542 724,

230 2561 531 2650 Τε611611661)729,
555 2565 613 2630 6111
637 2566 710 2630 61116
735 2567 827 2629 66616
851 2565 943 2630 111661
968 2567 1107 2650 elegiam
1130 2567 1284 2650 scriptam
1307 2589 1379 2631 esse

232 2676 370 2737 censent.
416 2671 466 2735 Ac
489 2672 527 2735 (16
551 2693 662 2756 pugna
684 2672 821 2736 Actiaca
844 2672 983 2755 cogitari
1005 2693 1071 2736 non
1093 2677 1214 2757 potest3
1240 2671 1380 2756 Gruppii
1398 2671 1411 2679 ’

234 2783 345 2844 autem
368 2776 532 2842 sententia
555 2800 592 2842 eo
616 2779 790 2861 refellitur,
813 2778 899 2862 quod
921 2778 1044 2843 bellum
1058 2778 1291 2862 Aquitanieum
1312 2799 1381 2842 non

235 2885 328 2950 annis
344 2884 528 2968 723-724,
543 2885 600 2948 sed
614 2886 705 2949 annis
717 2884 891 2948 725-726
902 2888 1030 2969 gestum
1044 2888 1101 2963 est.
1120 2884 1243 2949 Verum
1255 2884 1381 2948 Teuffe-

233 2992 299 3055 lius
328 3014 400 3055 eam
429 2990 569 3074 elegiam
596 3013 663 3055 non
690 2992 729 3056 ad
752 2992 876 3055 bellum
898 2991 1144 3074 Aquitanicunr,
1174 2992 1229 3055 sed
1252 2992 1293 3055 ad
1314 2991 1380 3055 iter

235 3096 397 3180 quoddam
423 3095 537 3177 refert,
561 3097 647 3179 quod
671 3119 755 3160 anno
780 3097 842 3161 729
867 3096 1017 3161 Tibullus
1041 3119 1202 3162 unacum
1224 3096 1382 3162 Messalla

235 3206 441 3287 suscepturus
462 3201 563 3265 fuerit
581 3201 616 3265 in
634 3201 761 3285 Asiam,
779 3202 837 3266 ubi
855 3202 993 3268 fortasse
1017 3203 1140 3268 bellum
1159 3205 1257 3269 fuerit
1280 3206 1381 3269 oritu-

233 3330 315 3372 rum.
348 3306 394 3371 At
411 3307 575 3400 neminem
594 3307 650 3392 qui
667 3309 755 3375 bello
775 3309 924 3378 interfuit
943 3315 988 3394 61,
1005 3311 1095 3375 velut
1113 3310 1276 3395 Tibullus,
1295 3311 1381 3375 mili-

232 3412 358 3476 taribus
381 3413 535 3495 praemiis
554 3414 620 3478 iam
639 3415 776 3480 donatus
801 3419 863 3498 661,
886 3416 949 3480 iter
972 3416 1142 3499 initurum,
1165 3417 1199 3480 in
1222 3437 1285 3500 quo
1309 3416 1381 3480 fieri

232 3522 342 3602 potest
359 3521 396 3581 61
414 3517 483 3601 ipse
502 3519 619 3586 iterum
640 3521 674 3584 in
692 3521 773 3584 belli
789 3522 938 3605 'pericula
952 3523 1083 3606 incidat,
1101 3522 1168 3587 tale
1188 3522 1265 3605 quid
1279 3522 1381 3586 dictu·

233 3647 305 3689 rum
330 3647 400 3688 6666
422 3629 518 3709 puto,
542 3626 637 3709 quale
660 3627 695 3691 in
716 3626 777 3691 hac
801 3627 907 3712 elegia
931 3631 1062 3712 questus
1087 3632 1137 3692 est
1159 3627 1323 3693 Tibullus:
1346 3629 1381 3692 id

234 3730 320 3813 quod
342 3730 406 3814 ipsi
423 3753 525 3814 nuper
545 3733 669 3816 experti
688 3756 806 3797 sumus.
833 3733 927 3798 Nihil
947 3735 985 3798 (16
1005 3732 1042 3798 eo
1062 3735 1148 3818 dico,
1167 3735 1252 3818 quod
1271 3734 1379 3818 ipsum

232 3835 315 3899 illud
338 3836 410 3919 iter,
433 3837 575 3921 itemque
598 3839 770 3903 imminens
791 3839 873 3904 illud
891 3839 971 3903 belli
989 3840 1170 3924 perieulum
1190 3840 1380 3906 aTeuffelio

233 3941 346 4007 fictum
365 3945 427 4027 est3
451 3965 525 4008 nam
547 3967 620 4008 cum
639 3946 677 4010 de
692 3945 816 4009 Tibulli
835 3949 868 4010 61
881 3945 1054 4010 Messallae
1073 3947 1143 4011 vita
1161 3947 1258 4011 nimis
1277 3970 1382 4031 pauca

235 4048 389 4132 sciamus,
422 4050 499 4114 talis
536 4053 721 4116 coniectura
752 4074 810 4135 per
843 4075 876 4116 se
908 4052 1003 4116 facile
1035 4053 1113 4116 ferri
1144 4057 1262 4136 potest.
1317 4053 1381 4118 Sed

235 4155 344 4218 omnia
366 4154 439 4237 illa,
463 4178 544 4240 quae
572 4157 607 4221 in
629 4159 691 4222 hac
714 4158 820 4243 elegia
842 4159 1063 4242 proferuntur,
1090 4181 1157 4223 non
1183 4159 1217 4224 in
1241 4159 1382 4224 militem

308 4311 574 4382 blsapaw

308 4399 575 4475 blaap3ffl
