<?xml version="1.0" encoding="UTF-8"?>
<!DOCTYPE html PUBLIC "-//W3C//DTD XHTML 1.0 Transitional//EN"
    "http://www.w3.org/TR/xhtml1/DTD/xhtml1-transitional.dtd">
<html xmlns="http://www.w3.org/1999/xhtml" xml:lang="en" lang="en">
 <head>
  <title>
</title>
<meta http-equiv="Content-Type" content="text/html;charset=utf-8" />
  <meta name='ocr-system' content='tesseract 3.04.00' />
  <meta name='ocr-capabilities' content='ocr_page ocr_carea ocr_par ocr_line ocrx_word'/>
</head>
<body>
  <div class='ocr_page' id='page_1' title='image "./depanegyricoinm00hankgoog_0024.png"; bbox 0 0 3074 4966; ppageno 0'>
   <div class='ocr_carea' id='block_1_1' title="bbox 531 392 1300 459">
    <p class='ocr_par' dir='ltr' id='par_1_1' title="bbox 531 392 1300 459">
     <span class='ocr_line' id='line_1_1' title="bbox 531 392 1300 459; baseline 0.007 -5"><span class='ocrx_word' id='word_1_1' title='bbox 531 395 560 454; x_wconf 89' lang='lat' dir='ltr'>in</span> <span class='ocrx_word' id='word_1_2' title='bbox 579 397 738 456; x_wconf 78' lang='lat' dir='ltr'><strong>Messallam</strong></span> <span class='ocrx_word' id='word_1_3' title='bbox 756 396 925 456; x_wconf 87' lang='lat' dir='ltr'>Tibulliano.</span> <span class='ocrx_word' id='word_1_4' title='bbox 1258 392 1300 459; x_wconf 81' lang='lat'>23</span> 
     </span>
    </p>
   </div>
   <div class='ocr_carea' id='block_1_2' title="bbox 148 563 1303 4153">
    <p class='ocr_par' dir='ltr' id='par_1_2' title="bbox 148 563 1299 1287">
     <span class='ocr_line' id='line_1_2' title="bbox 155 563 1299 649; baseline 0 -20"><span class='ocrx_word' id='word_1_5' title='bbox 155 563 260 630; x_wconf 87' lang='lat' dir='ltr'>voluit</span> <span class='ocrx_word' id='word_1_6' title='bbox 282 583 342 628; x_wconf 88' lang='lat' dir='ltr'>nec</span> <span class='ocrx_word' id='word_1_7' title='bbox 364 565 481 648; x_wconf 85' lang='lat' dir='ltr'>potuit.</span> <span class='ocrx_word' id='word_1_8' title='bbox 504 603 545 611; x_wconf 96' lang='lat'><strong>—</strong></span> <span class='ocrx_word' id='word_1_9' title='bbox 569 565 653 630; x_wconf 84' lang='lat' dir='ltr'><strong>Item</strong></span> <span class='ocrx_word' id='word_1_10' title='bbox 672 563 814 630; x_wconf 89' lang='lat' dir='ltr'>Bachius</span> <span class='ocrx_word' id='word_1_11' title='bbox 833 565 912 630; x_wconf 91' lang='lat' dir='ltr'>dicit</span> <span class='ocrx_word' id='word_1_12' title='bbox 936 563 1197 649; x_wconf 72' lang='lat' dir='ltr'>‘panegyristam</span> <span class='ocrx_word' id='word_1_13' title='bbox 1215 566 1299 630; x_wconf 86' lang='lat' dir='ltr'>nihil</span> 
     </span>
     <span class='ocr_line' id='line_1_3' title="bbox 155 672 1299 756; baseline 0.002 -19"><span class='ocrx_word' id='word_1_14' title='bbox 155 673 300 756; x_wconf 90' lang='lat' dir='ltr'>cupidius</span> <span class='ocrx_word' id='word_1_15' title='bbox 336 695 433 756; x_wconf 91' lang='lat' dir='ltr'>quam</span> <span class='ocrx_word' id='word_1_16' title='bbox 464 673 682 756; x_wconf 71' lang='lat' dir='ltr'>principatum</span> <span class='ocrx_word' id='word_1_17' title='bbox 714 673 798 736; x_wconf 88' lang='lat' dir='ltr'>inter</span> <span class='ocrx_word' id='word_1_18' title='bbox 832 677 956 737; x_wconf 82' lang='lat' dir='ltr'>ceteros</span> <span class='ocrx_word' id='word_1_19' title='bbox 984 672 1158 738; x_wconf 80' lang='lat' dir='ltr'>Messallae</span> <span class='ocrx_word' id='word_1_20' title='bbox 1191 675 1299 739; x_wconf 88' lang='lat' dir='ltr'>lauda-</span> 
     </span>
     <span class='ocr_line' id='line_1_4' title="bbox 148 776 1299 864; baseline -0.001 -21"><span class='ocrx_word' id='word_1_21' title='bbox 148 784 242 844; x_wconf 88' lang='lat' dir='ltr'>tores</span> <span class='ocrx_word' id='word_1_22' title='bbox 258 783 291 844; x_wconf 91' lang='lat' dir='ltr'>et</span> <span class='ocrx_word' id='word_1_23' title='bbox 305 779 389 862; x_wconf 90' lang='lat' dir='ltr'>apud</span> <span class='ocrx_word' id='word_1_24' title='bbox 402 783 550 861; x_wconf 85' lang='lat' dir='ltr'>posteros</span> <span class='ocrx_word' id='word_1_25' title='bbox 565 779 686 842; x_wconf 88' lang='lat' dir='ltr'>famam</span> <span class='ocrx_word' id='word_1_26' title='bbox 701 784 852 862; x_wconf 89' lang='lat' dir='ltr'>appetere</span> <span class='ocrx_word' id='word_1_27' title='bbox 860 776 899 864; x_wconf 80' lang='grc'>1);</span> <span class='ocrx_word' id='word_1_28' title='bbox 923 779 978 843; x_wconf 91' lang='lat' dir='ltr'>sed</span> <span class='ocrx_word' id='word_1_29' title='bbox 993 779 1160 844; x_wconf 83' lang='lat' dir='ltr'>Tibullum</span> <span class='ocrx_word' id='word_1_30' title='bbox 1174 781 1299 844; x_wconf 91' lang='lat' dir='ltr'>nullum</span> 
     </span>
     <span class='ocr_line' id='line_1_5' title="bbox 155 883 1299 972; baseline 0.002 -25"><span class='ocrx_word' id='word_1_31' title='bbox 155 885 221 949; x_wconf 86' lang='lat' dir='ltr'>fere</span> <span class='ocrx_word' id='word_1_32' title='bbox 237 883 326 948; x_wconf 91' lang='lat' dir='ltr'>aliud</span> <span class='ocrx_word' id='word_1_33' title='bbox 339 885 374 947; x_wconf 89' lang='lat' dir='ltr'>in</span> <span class='ocrx_word' id='word_1_34' title='bbox 388 885 567 972; x_wconf 82' lang='lat' dir='ltr'>pangendis</span> <span class='ocrx_word' id='word_1_35' title='bbox 583 884 778 948; x_wconf 78' lang='lat' dir='ltr'>carminibus</span> <span class='ocrx_word' id='word_1_36' title='bbox 798 885 971 948; x_wconf 90' lang='lat' dir='ltr'>consilium</span> <span class='ocrx_word' id='word_1_37' title='bbox 990 887 1170 969; x_wconf 86' lang='lat' dir='ltr'>respexisse</span> <span class='ocrx_word' id='word_1_38' title='bbox 1189 887 1299 969; x_wconf 84' lang='lat' dir='ltr'>videri,</span> 
     </span>
     <span class='ocr_line' id='line_1_6' title="bbox 155 991 1299 1076; baseline 0 -22"><span class='ocrx_word' id='word_1_39' title='bbox 155 991 220 1054; x_wconf 88' lang='lat' dir='ltr'>nisi</span> <span class='ocrx_word' id='word_1_40' title='bbox 249 995 288 1055; x_wconf 86' lang='lat' dir='ltr'>ut</span> <span class='ocrx_word' id='word_1_41' title='bbox 314 991 472 1054; x_wconf 89' lang='lat' dir='ltr'>interiora</span> <span class='ocrx_word' id='word_1_42' title='bbox 500 991 601 1055; x_wconf 89' lang='lat' dir='ltr'>animi</span> <span class='ocrx_word' id='word_1_43' title='bbox 629 1013 724 1054; x_wconf 90' lang='lat' dir='ltr'>sensa</span> <span class='ocrx_word' id='word_1_44' title='bbox 752 995 784 1055; x_wconf 92' lang='lat' dir='ltr'>et</span> <span class='ocrx_word' id='word_1_45' title='bbox 811 995 887 1055; x_wconf 85' lang='lat' dir='ltr'>vota</span> <span class='ocrx_word' id='word_1_46' title='bbox 915 992 1110 1074; x_wconf 77' lang='lat' dir='ltr'>exprimeret</span> <span class='ocrx_word' id='word_1_47' title='bbox 1137 997 1234 1076; x_wconf 88' lang='lat' dir='ltr'>atque</span> <span class='ocrx_word' id='word_1_48' title='bbox 1259 993 1299 1056; x_wconf 91' lang='lat' dir='ltr'>ad</span> 
     </span>
     <span class='ocr_line' id='line_1_7' title="bbox 157 1096 1298 1180; baseline -0.001 -18"><span class='ocrx_word' id='word_1_49' title='bbox 157 1097 295 1162; x_wconf 87' lang='lat' dir='ltr'>amicam</span> <span class='ocrx_word' id='word_1_50' title='bbox 327 1096 449 1160; x_wconf 89' lang='lat' dir='ltr'>aditum</span> <span class='ocrx_word' id='word_1_51' title='bbox 482 1097 546 1161; x_wconf 90' lang='lat' dir='ltr'>sibi</span> <span class='ocrx_word' id='word_1_52' title='bbox 573 1101 718 1180; x_wconf 90' lang='lat' dir='ltr'>pararet,</span> <span class='ocrx_word' id='word_1_53' title='bbox 747 1097 780 1160; x_wconf 93' lang='lat' dir='ltr'>id</span> <span class='ocrx_word' id='word_1_54' title='bbox 808 1097 894 1180; x_wconf 93' lang='lat' dir='ltr'>quod</span> <span class='ocrx_word' id='word_1_55' title='bbox 922 1099 999 1162; x_wconf 88' lang='lat' dir='ltr'>libri</span> <span class='ocrx_word' id='word_1_56' title='bbox 1028 1098 1159 1162; x_wconf 86' lang='lat' dir='ltr'>secundi</span> <span class='ocrx_word' id='word_1_57' title='bbox 1191 1097 1298 1180; x_wconf 90' lang='lat' dir='ltr'>elegia</span> 
     </span>
     <span class='ocr_line' id='line_1_8' title="bbox 158 1201 508 1287; baseline -0.003 -20"><span class='ocrx_word' id='word_1_58' title='bbox 158 1208 274 1287; x_wconf 88' lang='lat' dir='ltr'>quarta</span> <span class='ocrx_word' id='word_1_59' title='bbox 296 1201 508 1268; x_wconf 89' lang='lat' dir='ltr'>declaretur&#39;:</span> 
     </span>
    </p>

    <p class='ocr_par' dir='ltr' id='par_1_3' title="bbox 266 1309 1174 1395">
     <span class='ocr_line' id='line_1_9' title="bbox 266 1309 1174 1395; baseline 0.002 -21"><span class='ocrx_word' id='word_1_60' title='bbox 266 1309 318 1374; x_wconf 85' lang='lat' dir='ltr'>Ad</span> <span class='ocrx_word' id='word_1_61' title='bbox 341 1310 507 1373; x_wconf 88' lang='lat' dir='ltr'>dominam</span> <span class='ocrx_word' id='word_1_62' title='bbox 529 1310 641 1374; x_wconf 87' lang='lat' dir='ltr'>faciles</span> <span class='ocrx_word' id='word_1_63' title='bbox 666 1311 773 1375; x_wconf 88' lang='lat' dir='ltr'>aditus</span> <span class='ocrx_word' id='word_1_64' title='bbox 795 1332 854 1394; x_wconf 90' lang='lat' dir='ltr'>per</span> <span class='ocrx_word' id='word_1_65' title='bbox 877 1312 1021 1376; x_wconf 89' lang='lat' dir='ltr'>carmina</span> <span class='ocrx_word' id='word_1_66' title='bbox 1045 1332 1174 1395; x_wconf 89' lang='lat' dir='ltr'>quaero.</span> 
     </span>
    </p>

    <p class='ocr_par' dir='ltr' id='par_1_4' title="bbox 315 1415 1052 1500">
     <span class='ocr_line' id='line_1_10' title="bbox 315 1415 1052 1500; baseline 0.005 -21"><span class='ocrx_word' id='word_1_67' title='bbox 315 1416 365 1479; x_wconf 90' lang='lat' dir='ltr'>Ite</span> <span class='ocrx_word' id='word_1_68' title='bbox 387 1416 514 1499; x_wconf 90' lang='lat' dir='ltr'>procul,</span> <span class='ocrx_word' id='word_1_69' title='bbox 538 1415 663 1500; x_wconf 88' lang='lat' dir='ltr'>Musae,</span> <span class='ocrx_word' id='word_1_70' title='bbox 687 1417 716 1481; x_wconf 90' lang='lat' dir='ltr'>si</span> <span class='ocrx_word' id='word_1_71' title='bbox 738 1416 822 1480; x_wconf 89' lang='lat' dir='ltr'>nihil</span> <span class='ocrx_word' id='word_1_72' title='bbox 845 1418 910 1482; x_wconf 90' lang='lat' dir='ltr'>ista</span> <span class='ocrx_word' id='word_1_73' title='bbox 932 1419 1052 1483; x_wconf 84' lang='lat' dir='ltr'>valent.</span> 
     </span>
    </p>

    <p class='ocr_par' dir='ltr' id='par_1_5' title="bbox 156 1521 1303 3304">
     <span class='ocr_line' id='line_1_11' title="bbox 156 1521 1301 1609; baseline 0.003 -22"><span class='ocrx_word' id='word_1_74' title='bbox 156 1522 280 1588; x_wconf 88' lang='lat' dir='ltr'>Verum</span> <span class='ocrx_word' id='word_1_75' title='bbox 302 1521 383 1586; x_wconf 87' lang='lat' dir='ltr'>haec</span> <span class='ocrx_word' id='word_1_76' title='bbox 406 1522 512 1585; x_wconf 91' lang='lat' dir='ltr'>ethis</span> <span class='ocrx_word' id='word_1_77' title='bbox 536 1522 658 1602; x_wconf 85' lang='lat' dir='ltr'>similia</span> <span class='ocrx_word' id='word_1_78' title='bbox 676 1523 716 1587; x_wconf 90' lang='lat' dir='ltr'>ad</span> <span class='ocrx_word' id='word_1_79' title='bbox 740 1525 962 1609; x_wconf 90' lang='lat' dir='ltr'>quaestionem</span> <span class='ocrx_word' id='word_1_80' title='bbox 986 1526 1025 1589; x_wconf 92' lang='lat' dir='ltr'>de</span> <span class='ocrx_word' id='word_1_81' title='bbox 1048 1528 1200 1592; x_wconf 88' lang='lat' dir='ltr'>carminis</span> <span class='ocrx_word' id='word_1_82' title='bbox 1224 1527 1301 1592; x_wconf 89' lang='lat' dir='ltr'>scri-</span> 
     </span>
     <span class='ocr_line' id='line_1_12' title="bbox 157 1629 1301 1716; baseline 0.003 -23"><span class='ocrx_word' id='word_1_83' title='bbox 157 1634 249 1713; x_wconf 90' lang='lat' dir='ltr'>ptore</span> <span class='ocrx_word' id='word_1_84' title='bbox 281 1629 467 1694; x_wconf 86' lang='lat' dir='ltr'>solvendam</span> <span class='ocrx_word' id='word_1_85' title='bbox 497 1629 627 1694; x_wconf 90' lang='lat' dir='ltr'>omnino</span> <span class='ocrx_word' id='word_1_86' title='bbox 657 1652 723 1694; x_wconf 92' lang='lat' dir='ltr'>non</span> <span class='ocrx_word' id='word_1_87' title='bbox 748 1632 921 1714; x_wconf 75' lang='lat' dir='ltr'>pertinent.</span> <span class='ocrx_word' id='word_1_88' title='bbox 972 1632 1059 1697; x_wconf 89' lang='lat' dir='ltr'>Nam</span> <span class='ocrx_word' id='word_1_89' title='bbox 1088 1633 1117 1696; x_wconf 89' lang='lat' dir='ltr'>si</span> <span class='ocrx_word' id='word_1_90' title='bbox 1145 1637 1238 1716; x_wconf 91' lang='lat' dir='ltr'>optat</span> <span class='ocrx_word' id='word_1_91' title='bbox 1268 1637 1301 1696; x_wconf 88' lang='lat' dir='ltr'>et</span> 
     </span>
     <span class='ocr_line' id='line_1_13' title="bbox 158 1721 1301 1822; baseline 0.002 -22"><span class='ocrx_word' id='word_1_92' title='bbox 158 1721 266 1818; x_wconf 86' lang='lat' dir='ltr'>sperat</span> <span class='ocrx_word' id='word_1_93' title='bbox 288 1739 385 1818; x_wconf 90' lang='lat' dir='ltr'>poeta</span> <span class='ocrx_word' id='word_1_94' title='bbox 403 1736 472 1800; x_wconf 83' lang='lat' dir='ltr'>fore</span> <span class='ocrx_word' id='word_1_95' title='bbox 495 1740 532 1800; x_wconf 85' lang='lat' dir='ltr'>ut</span> <span class='ocrx_word' id='word_1_96' title='bbox 551 1739 685 1819; x_wconf 88' lang='lat' dir='ltr'>propter</span> <span class='ocrx_word' id='word_1_97' title='bbox 708 1736 882 1802; x_wconf 88' lang='lat' dir='ltr'>Messallae</span> <span class='ocrx_word' id='word_1_98' title='bbox 906 1739 1059 1822; x_wconf 80' lang='lat' dir='ltr'>gloriam,</span> <span class='ocrx_word' id='word_1_99' title='bbox 1083 1759 1180 1822; x_wconf 89' lang='lat' dir='ltr'>quam</span> <span class='ocrx_word' id='word_1_100' title='bbox 1204 1739 1301 1802; x_wconf 80' lang='lat' dir='ltr'>versi-</span> 
     </span>
     <span class='ocr_line' id='line_1_14' title="bbox 157 1843 1302 1928; baseline 0.001 -22"><span class='ocrx_word' id='word_1_101' title='bbox 157 1843 215 1906; x_wconf 90' lang='lat' dir='ltr'>bus</span> <span class='ocrx_word' id='word_1_102' title='bbox 239 1845 426 1926; x_wconf 91' lang='lat' dir='ltr'>persecutus</span> <span class='ocrx_word' id='word_1_103' title='bbox 450 1847 512 1925; x_wconf 92' lang='lat' dir='ltr'>est,</span> <span class='ocrx_word' id='word_1_104' title='bbox 535 1864 629 1905; x_wconf 87' lang='lat' dir='ltr'>suum</span> <span class='ocrx_word' id='word_1_105' title='bbox 651 1843 754 1925; x_wconf 89' lang='lat' dir='ltr'>ipsius</span> <span class='ocrx_word' id='word_1_106' title='bbox 783 1865 901 1906; x_wconf 90' lang='lat' dir='ltr'>nomen</span> <span class='ocrx_word' id='word_1_107' title='bbox 923 1845 1099 1908; x_wconf 87' lang='lat' dir='ltr'>memoriae</span> <span class='ocrx_word' id='word_1_108' title='bbox 1123 1845 1302 1928; x_wconf 83' lang='lat' dir='ltr'>mandetur,</span> 
     </span>
     <span class='ocr_line' id='line_1_15' title="bbox 156 1947 1301 2035; baseline 0.001 -23"><span class='ocrx_word' id='word_1_109' title='bbox 156 1948 239 2012; x_wconf 87' lang='lat' dir='ltr'>nihil</span> <span class='ocrx_word' id='word_1_110' title='bbox 267 1949 301 2012; x_wconf 92' lang='lat' dir='ltr'>in</span> <span class='ocrx_word' id='word_1_111' title='bbox 328 1947 391 2012; x_wconf 85' lang='lat' dir='ltr'>hac</span> <span class='ocrx_word' id='word_1_112' title='bbox 422 1969 457 2011; x_wconf 91' lang='lat' dir='ltr'>re</span> <span class='ocrx_word' id='word_1_113' title='bbox 485 1948 735 2030; x_wconf 85' lang='lat' dir='ltr'>vituperandum</span> <span class='ocrx_word' id='word_1_114' title='bbox 763 1953 822 2012; x_wconf 92' lang='lat' dir='ltr'>est.</span> <span class='ocrx_word' id='word_1_115' title='bbox 872 1948 992 2013; x_wconf 91' lang='lat' dir='ltr'>Mirum</span> <span class='ocrx_word' id='word_1_116' title='bbox 1021 1972 1111 2028; x_wconf 70' lang='lat' dir='ltr'>vero⁴</span> <span class='ocrx_word' id='word_1_117' title='bbox 1126 1955 1188 2034; x_wconf 89' lang='lat' dir='ltr'>est,</span> <span class='ocrx_word' id='word_1_118' title='bbox 1217 1951 1301 2035; x_wconf 89' lang='lat' dir='ltr'>quod</span> 
     </span>
     <span class='ocr_line' id='line_1_16' title="bbox 158 2053 1301 2140; baseline 0.002 -24"><span class='ocrx_word' id='word_1_119' title='bbox 158 2053 300 2118; x_wconf 90' lang='lat' dir='ltr'>Bachius</span> <span class='ocrx_word' id='word_1_120' title='bbox 325 2053 493 2118; x_wconf 83' lang='lat' dir='ltr'>Tibullum</span> <span class='ocrx_word' id='word_1_121' title='bbox 521 2053 599 2116; x_wconf 88' lang='lat' dir='ltr'>dicit</span> <span class='ocrx_word' id='word_1_122' title='bbox 624 2055 659 2118; x_wconf 89' lang='lat' dir='ltr'>in</span> <span class='ocrx_word' id='word_1_123' title='bbox 686 2053 883 2120; x_wconf 86' lang='lat' dir='ltr'>carminibus</span> <span class='ocrx_word' id='word_1_124' title='bbox 910 2055 995 2119; x_wconf 84' lang='lat' dir='ltr'>nihil</span> <span class='ocrx_word' id='word_1_125' title='bbox 1022 2057 1110 2120; x_wconf 89' lang='lat' dir='ltr'>aliud</span> <span class='ocrx_word' id='word_1_126' title='bbox 1139 2061 1301 2140; x_wconf 86' lang='lat' dir='ltr'>spectasse</span> 
     </span>
     <span class='ocr_line' id='line_1_17' title="bbox 157 2160 1302 2244; baseline 0 -20"><span class='ocrx_word' id='word_1_127' title='bbox 157 2161 221 2224; x_wconf 87' lang='lat' dir='ltr'>nisi</span> <span class='ocrx_word' id='word_1_128' title='bbox 248 2164 285 2224; x_wconf 85' lang='lat' dir='ltr'>ut</span> <span class='ocrx_word' id='word_1_129' title='bbox 311 2161 441 2225; x_wconf 87' lang='lat' dir='ltr'>facilem</span> <span class='ocrx_word' id='word_1_130' title='bbox 471 2160 534 2224; x_wconf 90' lang='lat' dir='ltr'>sibi</span> <span class='ocrx_word' id='word_1_131' title='bbox 563 2161 603 2224; x_wconf 94' lang='lat' dir='ltr'>ad</span> <span class='ocrx_word' id='word_1_132' title='bbox 625 2161 771 2225; x_wconf 90' lang='lat' dir='ltr'>amicam</span> <span class='ocrx_word' id='word_1_133' title='bbox 800 2161 924 2224; x_wconf 90' lang='lat' dir='ltr'>aditum</span> <span class='ocrx_word' id='word_1_134' title='bbox 951 2166 1090 2244; x_wconf 91' lang='lat' dir='ltr'>pararet.</span> <span class='ocrx_word' id='word_1_135' title='bbox 1140 2162 1224 2237; x_wconf 82' lang='lat' dir='ltr'>Quid</span> <span class='ocrx_word' id='word_1_136' title='bbox 1252 2167 1302 2226; x_wconf 89' lang='lat' dir='ltr'>est</span> 
     </span>
     <span class='ocr_line' id='line_1_18' title="bbox 159 2266 1301 2350; baseline 0.001 -20"><span class='ocrx_word' id='word_1_137' title='bbox 159 2267 243 2330; x_wconf 90' lang='lat' dir='ltr'>enim</span> <span class='ocrx_word' id='word_1_138' title='bbox 280 2267 364 2350; x_wconf 92' lang='lat' dir='ltr'>quod</span> <span class='ocrx_word' id='word_1_139' title='bbox 402 2266 465 2330; x_wconf 89' lang='lat' dir='ltr'>sibi</span> <span class='ocrx_word' id='word_1_140' title='bbox 497 2267 599 2330; x_wconf 87' lang='lat' dir='ltr'>velint</span> <span class='ocrx_word' id='word_1_141' title='bbox 630 2267 774 2330; x_wconf 90' lang='lat' dir='ltr'>carmina</span> <span class='ocrx_word' id='word_1_142' title='bbox 809 2267 868 2329; x_wconf 90' lang='lat' dir='ltr'>illa</span> <span class='ocrx_word' id='word_1_143' title='bbox 905 2267 943 2329; x_wconf 92' lang='lat' dir='ltr'>de</span> <span class='ocrx_word' id='word_1_144' title='bbox 979 2266 1140 2350; x_wconf 81' lang='lat' dir='ltr'>Sulpiciae</span> <span class='ocrx_word' id='word_1_145' title='bbox 1178 2272 1211 2331; x_wconf 88' lang='lat' dir='ltr'>et</span> <span class='ocrx_word' id='word_1_146' title='bbox 1243 2266 1301 2331; x_wconf 80' lang='lat' dir='ltr'>Co·</span> 
     </span>
     <span class='ocr_line' id='line_1_19' title="bbox 158 2372 1301 2458; baseline -0.001 -21"><span class='ocrx_word' id='word_1_147' title='bbox 158 2373 260 2437; x_wconf 89' lang='lat' dir='ltr'>rinthi</span> <span class='ocrx_word' id='word_1_148' title='bbox 280 2373 426 2439; x_wconf 82' lang='lat' dir='ltr'>amore?</span> <span class='ocrx_word' id='word_1_149' title='bbox 473 2372 558 2448; x_wconf 77' lang='lat' dir='ltr'>Quid</span> <span class='ocrx_word' id='word_1_150' title='bbox 590 2373 714 2456; x_wconf 85' lang='lat' dir='ltr'>elegiae</span> <span class='ocrx_word' id='word_1_151' title='bbox 746 2372 837 2457; x_wconf 89' lang='lat' dir='ltr'>illae,</span> <span class='ocrx_word' id='word_1_152' title='bbox 869 2373 904 2435; x_wconf 89' lang='lat' dir='ltr'>in</span> <span class='ocrx_word' id='word_1_153' title='bbox 936 2373 1052 2455; x_wconf 89' lang='lat' dir='ltr'>quibus</span> <span class='ocrx_word' id='word_1_154' title='bbox 1087 2377 1143 2438; x_wconf 91' lang='lat' dir='ltr'>aut</span> <span class='ocrx_word' id='word_1_155' title='bbox 1174 2374 1301 2458; x_wconf 90' lang='lat' dir='ltr'>puellae</span> 
     </span>
     <span class='ocr_line' id='line_1_20' title="bbox 157 2478 1301 2562; baseline 0 -18"><span class='ocrx_word' id='word_1_156' title='bbox 157 2480 279 2544; x_wconf 89' lang='lat' dir='ltr'>mentio</span> <span class='ocrx_word' id='word_1_157' title='bbox 303 2479 392 2543; x_wconf 86' lang='lat' dir='ltr'>facta</span> <span class='ocrx_word' id='word_1_158' title='bbox 413 2500 479 2541; x_wconf 93' lang='lat' dir='ltr'>non</span> <span class='ocrx_word' id='word_1_159' title='bbox 502 2481 565 2560; x_wconf 91' lang='lat' dir='ltr'>est,</span> <span class='ocrx_word' id='word_1_160' title='bbox 589 2484 645 2543; x_wconf 91' lang='lat' dir='ltr'>aut</span> <span class='ocrx_word' id='word_1_161' title='bbox 667 2482 766 2562; x_wconf 85' lang='lat' dir='ltr'>poeta</span> <span class='ocrx_word' id='word_1_162' title='bbox 788 2479 854 2542; x_wconf 89' lang='lat' dir='ltr'>iam</span> <span class='ocrx_word' id='word_1_163' title='bbox 876 2478 994 2543; x_wconf 74' lang='lat' dir='ltr'>fruitur</span> <span class='ocrx_word' id='word_1_164' title='bbox 1016 2480 1145 2562; x_wconf 92' lang='lat' dir='ltr'>puellae</span> <span class='ocrx_word' id='word_1_165' title='bbox 1170 2479 1301 2544; x_wconf 79' lang='lat' dir='ltr'>amore?</span> 
     </span>
     <span class='ocr_line' id='line_1_21' title="bbox 157 2584 1303 2671; baseline -0.001 -21"><span class='ocrx_word' id='word_1_166' title='bbox 157 2587 266 2671; x_wconf 83' lang='lat' dir='ltr'>Atque</span> <span class='ocrx_word' id='word_1_167' title='bbox 291 2586 318 2649; x_wconf 91' lang='lat' dir='ltr'>si</span> <span class='ocrx_word' id='word_1_168' title='bbox 337 2584 488 2649; x_wconf 81' lang='lat' dir='ltr'>Tibullus</span> <span class='ocrx_word' id='word_1_169' title='bbox 511 2584 547 2647; x_wconf 88' lang='lat' dir='ltr'>in</span> <span class='ocrx_word' id='word_1_170' title='bbox 570 2585 684 2667; x_wconf 91' lang='lat' dir='ltr'>elegiis</span> <span class='ocrx_word' id='word_1_171' title='bbox 708 2586 747 2648; x_wconf 93' lang='lat' dir='ltr'>de</span> <span class='ocrx_word' id='word_1_172' title='bbox 766 2585 1028 2668; x_wconf 88' lang='lat' dir='ltr'>immortalitate,</span> <span class='ocrx_word' id='word_1_173' title='bbox 1052 2608 1149 2668; x_wconf 90' lang='lat' dir='ltr'>quam</span> <span class='ocrx_word' id='word_1_174' title='bbox 1173 2586 1303 2670; x_wconf 91' lang='lat' dir='ltr'>adeptu-</span> 
     </span>
     <span class='ocr_line' id='line_1_22' title="bbox 157 2691 1302 2774; baseline -0.002 -18"><span class='ocrx_word' id='word_1_175' title='bbox 157 2715 229 2756; x_wconf 89' lang='lat' dir='ltr'>rum</span> <span class='ocrx_word' id='word_1_176' title='bbox 253 2715 286 2755; x_wconf 91' lang='lat' dir='ltr'>se</span> <span class='ocrx_word' id='word_1_177' title='bbox 310 2714 380 2755; x_wconf 88' lang='lat' dir='ltr'>esse</span> <span class='ocrx_word' id='word_1_178' title='bbox 404 2696 522 2774; x_wconf 87' lang='lat' dir='ltr'>speret,</span> <span class='ocrx_word' id='word_1_179' title='bbox 548 2713 614 2754; x_wconf 90' lang='lat' dir='ltr'>non</span> <span class='ocrx_word' id='word_1_180' title='bbox 636 2691 794 2774; x_wconf 89' lang='lat' dir='ltr'>loquitur,</span> <span class='ocrx_word' id='word_1_181' title='bbox 818 2691 850 2755; x_wconf 90' lang='lat' dir='ltr'>id</span> <span class='ocrx_word' id='word_1_182' title='bbox 878 2691 951 2757; x_wconf 87' lang='lat' dir='ltr'>inde</span> <span class='ocrx_word' id='word_1_183' title='bbox 974 2692 1098 2755; x_wconf 87' lang='lat' dir='ltr'>factum</span> <span class='ocrx_word' id='word_1_184' title='bbox 1126 2713 1194 2755; x_wconf 89' lang='lat' dir='ltr'>esse</span> <span class='ocrx_word' id='word_1_185' title='bbox 1218 2691 1302 2754; x_wconf 86' lang='lat' dir='ltr'>vide-</span> 
     </span>
     <span class='ocr_line' id='line_1_23' title="bbox 157 2797 1302 2881; baseline -0.002 -19"><span class='ocrx_word' id='word_1_186' title='bbox 157 2804 226 2880; x_wconf 89' lang='lat' dir='ltr'>tur,</span> <span class='ocrx_word' id='word_1_187' title='bbox 250 2797 334 2879; x_wconf 90' lang='lat' dir='ltr'>quod</span> <span class='ocrx_word' id='word_1_188' title='bbox 357 2819 455 2860; x_wconf 90' lang='lat' dir='ltr'>unum</span> <span class='ocrx_word' id='word_1_189' title='bbox 476 2797 622 2881; x_wconf 93' lang='lat' dir='ltr'>quodque</span> <span class='ocrx_word' id='word_1_190' title='bbox 642 2819 772 2862; x_wconf 88' lang='lat' dir='ltr'>carmen</span> <span class='ocrx_word' id='word_1_191' title='bbox 791 2802 880 2861; x_wconf 90' lang='lat' dir='ltr'>certa</span> <span class='ocrx_word' id='word_1_192' title='bbox 899 2799 1068 2862; x_wconf 90' lang='lat' dir='ltr'>occasione</span> <span class='ocrx_word' id='word_1_193' title='bbox 1088 2797 1199 2861; x_wconf 88' lang='lat' dir='ltr'>oblata</span> <span class='ocrx_word' id='word_1_194' title='bbox 1219 2819 1302 2862; x_wconf 85' lang='lat' dir='ltr'>corn-</span> 
     </span>
     <span class='ocr_line' id='line_1_24' title="bbox 156 2903 1303 2990; baseline -0.003 -22"><span class='ocrx_word' id='word_1_195' title='bbox 156 2903 301 2990; x_wconf 88' lang='lat' dir='ltr'>positum</span> <span class='ocrx_word' id='word_1_196' title='bbox 334 2905 383 2964; x_wconf 88' lang='lat' dir='ltr'>est</span> <span class='ocrx_word' id='word_1_197' title='bbox 414 2903 510 2986; x_wconf 89' lang='lat' dir='ltr'>inque</span> <span class='ocrx_word' id='word_1_198' title='bbox 543 2903 638 2966; x_wconf 78' lang='lat' dir='ltr'>certis</span> <span class='ocrx_word' id='word_1_199' title='bbox 671 2903 817 2985; x_wconf 86' lang='lat' dir='ltr'>personis</span> <span class='ocrx_word' id='word_1_200' title='bbox 850 2904 1114 2987; x_wconf 89' lang='lat' dir='ltr'>temporibusque</span> <span class='ocrx_word' id='word_1_201' title='bbox 1145 2907 1303 2985; x_wconf 87' lang='lat' dir='ltr'>versatur,</span> 
     </span>
     <span class='ocr_line' id='line_1_25' title="bbox 158 3006 1302 3095; baseline -0.002 -21"><span class='ocrx_word' id='word_1_202' title='bbox 158 3010 305 3095; x_wconf 91' lang='lat' dir='ltr'>quodque</span> <span class='ocrx_word' id='word_1_203' title='bbox 326 3031 377 3072; x_wconf 92' lang='lat' dir='ltr'>res</span> <span class='ocrx_word' id='word_1_204' title='bbox 401 3031 482 3092; x_wconf 89' lang='lat' dir='ltr'>quas</span> <span class='ocrx_word' id='word_1_205' title='bbox 506 3012 626 3073; x_wconf 86' lang='lat' dir='ltr'>tractat</span> <span class='ocrx_word' id='word_1_206' title='bbox 648 3031 714 3073; x_wconf 93' lang='lat' dir='ltr'>non</span> <span class='ocrx_word' id='word_1_207' title='bbox 732 3009 826 3074; x_wconf 87' lang='lat' dir='ltr'>fictae</span> <span class='ocrx_word' id='word_1_208' title='bbox 851 3014 939 3093; x_wconf 90' lang='lat' dir='ltr'>sunt,</span> <span class='ocrx_word' id='word_1_209' title='bbox 962 3013 999 3074; x_wconf 88' lang='lat' dir='ltr'>ut</span> <span class='ocrx_word' id='word_1_210' title='bbox 1018 3006 1213 3093; x_wconf 74' lang='lat' dir='ltr'>Gruppius2)</span> <span class='ocrx_word' id='word_1_211' title='bbox 1236 3009 1302 3092; x_wconf 91' lang='lat' dir='ltr'>opi-</span> 
     </span>
     <span class='ocr_line' id='line_1_26' title="bbox 159 3115 1302 3199; baseline -0.002 -19"><span class='ocrx_word' id='word_1_212' title='bbox 159 3121 254 3180; x_wconf 91' lang='lat' dir='ltr'>natus</span> <span class='ocrx_word' id='word_1_213' title='bbox 278 3119 340 3198; x_wconf 88' lang='lat' dir='ltr'>est,</span> <span class='ocrx_word' id='word_1_214' title='bbox 365 3115 420 3179; x_wconf 91' lang='lat' dir='ltr'>sed</span> <span class='ocrx_word' id='word_1_215' title='bbox 442 3115 548 3179; x_wconf 86' lang='lat' dir='ltr'>factae</span> <span class='ocrx_word' id='word_1_216' title='bbox 572 3119 647 3180; x_wconf 87' lang='lat' dir='ltr'>sunt</span> <span class='ocrx_word' id='word_1_217' title='bbox 670 3120 703 3180; x_wconf 88' lang='lat' dir='ltr'>et</span> <span class='ocrx_word' id='word_1_218' title='bbox 726 3120 851 3199; x_wconf 83' lang='lat' dir='ltr'>gestae,</span> <span class='ocrx_word' id='word_1_219' title='bbox 880 3115 928 3179; x_wconf 90' lang='lat' dir='ltr'>ita</span> <span class='ocrx_word' id='word_1_220' title='bbox 957 3120 992 3178; x_wconf 87' lang='lat' dir='ltr'>ut</span> <span class='ocrx_word' id='word_1_221' title='bbox 1019 3115 1054 3178; x_wconf 91' lang='lat' dir='ltr'>in</span> <span class='ocrx_word' id='word_1_222' title='bbox 1081 3115 1161 3198; x_wconf 88' lang='lat' dir='ltr'>ipsis</span> <span class='ocrx_word' id='word_1_223' title='bbox 1190 3117 1302 3178; x_wconf 88' lang='lat' dir='ltr'>carmi-</span> 
     </span>
     <span class='ocr_line' id='line_1_27' title="bbox 158 3219 1303 3304; baseline -0.001 -19"><span class='ocrx_word' id='word_1_224' title='bbox 158 3221 252 3286; x_wconf 88' lang='lat' dir='ltr'>nibus</span> <span class='ocrx_word' id='word_1_225' title='bbox 276 3219 453 3286; x_wconf 88' lang='lat' dir='ltr'>scribendis</span> <span class='ocrx_word' id='word_1_226' title='bbox 476 3221 514 3282; x_wconf 91' lang='lat' dir='ltr'>de</span> <span class='ocrx_word' id='word_1_227' title='bbox 533 3221 791 3287; x_wconf 87' lang='lat' dir='ltr'>immortalitatis</span> <span class='ocrx_word' id='word_1_228' title='bbox 811 3221 918 3304; x_wconf 85' lang='lat' dir='ltr'>gloria</span> <span class='ocrx_word' id='word_1_229' title='bbox 937 3221 1081 3304; x_wconf 89' lang='lat' dir='ltr'>cogitare</span> <span class='ocrx_word' id='word_1_230' title='bbox 1099 3243 1165 3284; x_wconf 92' lang='lat' dir='ltr'>non</span> <span class='ocrx_word' id='word_1_231' title='bbox 1183 3224 1303 3304; x_wconf 88' lang='lat' dir='ltr'>posset.</span> 
     </span>
    </p>

    <p class='ocr_par' dir='ltr' id='par_1_6' title="bbox 154 3324 1303 4153">
     <span class='ocr_line' id='line_1_28' title="bbox 247 3324 1300 3409; baseline -0.001 -18"><span class='ocrx_word' id='word_1_232' title='bbox 247 3327 310 3391; x_wconf 81' lang='lat' dir='ltr'>Sed</span> <span class='ocrx_word' id='word_1_233' title='bbox 341 3324 423 3390; x_wconf 91' lang='lat' dir='ltr'>illud</span> <span class='ocrx_word' id='word_1_234' title='bbox 456 3348 513 3390; x_wconf 91' lang='lat' dir='ltr'>suo</span> <span class='ocrx_word' id='word_1_235' title='bbox 545 3327 614 3390; x_wconf 91' lang='lat' dir='ltr'>iure</span> <span class='ocrx_word' id='word_1_236' title='bbox 647 3327 709 3390; x_wconf 82' lang='lat' dir='ltr'>viri</span> <span class='ocrx_word' id='word_1_237' title='bbox 740 3327 827 3391; x_wconf 91' lang='lat' dir='ltr'>docti</span> <span class='ocrx_word' id='word_1_238' title='bbox 860 3327 971 3390; x_wconf 89' lang='lat' dir='ltr'>mirati</span> <span class='ocrx_word' id='word_1_239' title='bbox 1004 3329 1091 3408; x_wconf 88' lang='lat' dir='ltr'>sunt,</span> <span class='ocrx_word' id='word_1_240' title='bbox 1125 3327 1209 3409; x_wconf 92' lang='lat' dir='ltr'>quod</span> <span class='ocrx_word' id='word_1_241' title='bbox 1242 3327 1300 3390; x_wconf 92' lang='lat' dir='ltr'>sub</span> 
     </span>
     <span class='ocr_line' id='line_1_29' title="bbox 154 3431 1303 3516; baseline -0.005 -16"><span class='ocrx_word' id='word_1_242' title='bbox 154 3434 256 3500; x_wconf 85' lang='lat' dir='ltr'>finem</span> <span class='ocrx_word' id='word_1_243' title='bbox 270 3433 420 3498; x_wconf 90' lang='lat' dir='ltr'>carminis</span> <span class='ocrx_word' id='word_1_244' title='bbox 434 3436 533 3516; x_wconf 87' lang='lat' dir='ltr'>poeta</span> <span class='ocrx_word' id='word_1_245' title='bbox 546 3432 691 3496; x_wconf 89' lang='lat' dir='ltr'>versibus</span> <span class='ocrx_word' id='word_1_246' title='bbox 707 3432 879 3495; x_wconf 80' lang='lat'>206-211</span> <span class='ocrx_word' id='word_1_247' title='bbox 898 3432 935 3494; x_wconf 93' lang='lat' dir='ltr'>de</span> <span class='ocrx_word' id='word_1_248' title='bbox 951 3454 984 3494; x_wconf 88' lang='lat' dir='ltr'>se</span> <span class='ocrx_word' id='word_1_249' title='bbox 999 3431 1108 3496; x_wconf 89' lang='lat' dir='ltr'>iactat.</span> <span class='ocrx_word' id='word_1_250' title='bbox 1130 3431 1218 3496; x_wconf 91' lang='lat' dir='ltr'>Nam</span> <span class='ocrx_word' id='word_1_251' title='bbox 1232 3433 1303 3494; x_wconf 88' lang='lat' dir='ltr'>fieri</span> 
     </span>
     <span class='ocr_line' id='line_1_30' title="bbox 157 3537 1302 3625; baseline -0.004 -21"><span class='ocrx_word' id='word_1_252' title='bbox 157 3563 253 3625; x_wconf 91' lang='lat' dir='ltr'>posse</span> <span class='ocrx_word' id='word_1_253' title='bbox 275 3542 376 3623; x_wconf 88' lang='lat' dir='ltr'>negat</span> <span class='ocrx_word' id='word_1_254' title='bbox 397 3538 645 3622; x_wconf 84' lang='lat' dir='ltr'>Hertzbergius,</span> <span class='ocrx_word' id='word_1_255' title='bbox 667 3544 704 3603; x_wconf 89' lang='lat' dir='ltr'>ut</span> <span class='ocrx_word' id='word_1_256' title='bbox 727 3539 769 3620; x_wconf 90' lang='lat' dir='ltr'>is,</span> <span class='ocrx_word' id='word_1_257' title='bbox 797 3543 851 3622; x_wconf 90' lang='lat' dir='ltr'>qui</span> <span class='ocrx_word' id='word_1_258' title='bbox 878 3559 912 3600; x_wconf 90' lang='lat' dir='ltr'>se</span> <span class='ocrx_word' id='word_1_259' title='bbox 941 3537 1082 3600; x_wconf 82' lang='lat' dir='ltr'>affirmet</span> <span class='ocrx_word' id='word_1_260' title='bbox 1105 3537 1204 3600; x_wconf 87' lang='lat' dir='ltr'>etiam</span> <span class='ocrx_word' id='word_1_261' title='bbox 1226 3542 1302 3619; x_wconf 87' lang='lat' dir='ltr'>post</span> 
     </span>
     <span class='ocr_line' id='line_1_31' title="bbox 158 3643 1302 3730; baseline -0.006 -19"><span class='ocrx_word' id='word_1_262' title='bbox 158 3652 298 3713; x_wconf 89' lang='lat' dir='ltr'>mortem</span> <span class='ocrx_word' id='word_1_263' title='bbox 321 3646 387 3710; x_wconf 90' lang='lat' dir='ltr'>sive</span> <span class='ocrx_word' id='word_1_264' title='bbox 411 3645 446 3709; x_wconf 91' lang='lat' dir='ltr'>in</span> <span class='ocrx_word' id='word_1_265' title='bbox 468 3669 585 3730; x_wconf 89' lang='lat' dir='ltr'>equum</span> <span class='ocrx_word' id='word_1_266' title='bbox 609 3646 676 3709; x_wconf 81' lang='lat' dir='ltr'>sive</span> <span class='ocrx_word' id='word_1_267' title='bbox 695 3645 729 3708; x_wconf 83' lang='lat' dir='ltr'>in</span> <span class='ocrx_word' id='word_1_268' title='bbox 747 3645 863 3707; x_wconf 87' lang='lat' dir='ltr'>bovem</span> <span class='ocrx_word' id='word_1_269' title='bbox 883 3644 949 3707; x_wconf 85' lang='lat' dir='ltr'>sive</span> <span class='ocrx_word' id='word_1_270' title='bbox 973 3643 1007 3705; x_wconf 91' lang='lat' dir='ltr'>in</span> <span class='ocrx_word' id='word_1_271' title='bbox 1031 3663 1121 3706; x_wconf 83' lang='lat' dir='ltr'>avem</span> <span class='ocrx_word' id='word_1_272' title='bbox 1141 3646 1302 3706; x_wconf 87' lang='lat' dir='ltr'>mutatum</span> 
     </span>
     <span class='ocr_line' id='line_1_32' title="bbox 158 3745 1302 3837; baseline -0.008 -19"><span class='ocrx_word' id='word_1_273' title='bbox 158 3759 282 3837; x_wconf 91' lang='lat' dir='ltr'>tamen,</span> <span class='ocrx_word' id='word_1_274' title='bbox 314 3753 432 3816; x_wconf 89' lang='lat' dir='ltr'>iterum</span> <span class='ocrx_word' id='word_1_275' title='bbox 464 3752 629 3816; x_wconf 90' lang='lat' dir='ltr'>hominem</span> <span class='ocrx_word' id='word_1_276' title='bbox 661 3751 797 3832; x_wconf 83' lang='lat' dir='ltr'>facturn,</span> <span class='ocrx_word' id='word_1_277' title='bbox 830 3749 871 3812; x_wconf 91' lang='lat' dir='ltr'>ad</span> <span class='ocrx_word' id='word_1_278' title='bbox 898 3748 1073 3812; x_wconf 87' lang='lat' dir='ltr'>Messallae</span> <span class='ocrx_word' id='word_1_279' title='bbox 1105 3745 1234 3812; x_wconf 90' lang='lat' dir='ltr'>laudem</span> <span class='ocrx_word' id='word_1_280' title='bbox 1269 3769 1302 3810; x_wconf 91' lang='lat' dir='ltr'>se</span> 
     </span>
     <span class='ocr_line' id='line_1_33' title="bbox 160 3853 1302 3942; baseline -0.005 -20"><span class='ocrx_word' id='word_1_281' title='bbox 160 3859 354 3922; x_wconf 89' lang='lat' dir='ltr'>collaturum</span> <span class='ocrx_word' id='word_1_282' title='bbox 378 3879 464 3941; x_wconf 89' lang='lat' dir='ltr'>esse,</span> <span class='ocrx_word' id='word_1_283' title='bbox 488 3858 611 3942; x_wconf 80' lang='lat' dir='ltr'>elegias</span> <span class='ocrx_word' id='word_1_284' title='bbox 639 3856 750 3940; x_wconf 91' lang='lat' dir='ltr'>quales</span> <span class='ocrx_word' id='word_1_285' title='bbox 783 3859 859 3918; x_wconf 89' lang='lat' dir='ltr'>sunt</span> <span class='ocrx_word' id='word_1_286' title='bbox 886 3853 1093 3918; x_wconf 90' lang='lat' dir='ltr'>Tibullianae</span> <span class='ocrx_word' id='word_1_287' title='bbox 1122 3856 1302 3936; x_wconf 86' lang='lat' dir='ltr'>componat.</span> 
     </span>
     <span class='ocr_line' id='line_1_34' title="bbox 161 3959 1302 4046; baseline -0.005 -18"><span class='ocrx_word' id='word_1_288' title='bbox 161 3964 222 4029; x_wconf 75' lang='lat' dir='ltr'>Sed</span> <span class='ocrx_word' id='word_1_289' title='bbox 247 3984 318 4027; x_wconf 91' lang='lat' dir='ltr'>cum</span> <span class='ocrx_word' id='word_1_290' title='bbox 342 3967 438 4046; x_wconf 87' lang='lat' dir='ltr'>poeta</span> <span class='ocrx_word' id='word_1_291' title='bbox 460 3985 533 4026; x_wconf 87' lang='lat' dir='ltr'>eum</span> <span class='ocrx_word' id='word_1_292' title='bbox 559 3984 687 4027; x_wconf 90' lang='lat' dir='ltr'>sensum</span> <span class='ocrx_word' id='word_1_293' title='bbox 713 3962 874 4046; x_wconf 83' lang='lat' dir='ltr'>explicare</span> <span class='ocrx_word' id='word_1_294' title='bbox 899 3962 1013 4044; x_wconf 81' lang='lat' dir='ltr'>vellet,</span> <span class='ocrx_word' id='word_1_295' title='bbox 1039 3983 1073 4025; x_wconf 88' lang='lat' dir='ltr'>se</span> <span class='ocrx_word' id='word_1_296' title='bbox 1102 3981 1168 4023; x_wconf 91' lang='lat' dir='ltr'>non</span> <span class='ocrx_word' id='word_1_297' title='bbox 1193 3959 1302 4023; x_wconf 77' lang='lat' dir='ltr'>riuum</span> 
     </span>
     <span class='ocr_line' id='line_1_35' title="bbox 159 4065 1302 4153; baseline -0.006 -19"><span class='ocrx_word' id='word_1_298' title='bbox 159 4072 269 4153; x_wconf 84' lang='lat' dir='ltr'>mode,</span> <span class='ocrx_word' id='word_1_299' title='bbox 293 4070 347 4134; x_wconf 90' lang='lat' dir='ltr'>sed</span> <span class='ocrx_word' id='word_1_300' title='bbox 371 4069 470 4133; x_wconf 88' lang='lat' dir='ltr'>etiam</span> <span class='ocrx_word' id='word_1_301' title='bbox 493 4072 657 4146; x_wconf 87' lang='lat' dir='ltr'>mortuum</span> <span class='ocrx_word' id='word_1_302' title='bbox 679 4067 853 4132; x_wconf 88' lang='lat' dir='ltr'>Messallae</span> <span class='ocrx_word' id='word_1_303' title='bbox 881 4089 1057 4132; x_wconf 88' lang='lat' dir='ltr'>memorem</span> <span class='ocrx_word' id='word_1_304' title='bbox 1085 4067 1169 4150; x_wconf 84' lang='lat' dir='ltr'>fore,</span> <span class='ocrx_word' id='word_1_305' title='bbox 1193 4065 1302 4130; x_wconf 90' lang='lat' dir='ltr'>nescio</span> 
     </span>
    </p>
   </div>
   <div class='ocr_carea' id='block_1_3' title="bbox 160 4171 1303 4262">
    <p class='ocr_par' dir='ltr' id='par_1_7' title="bbox 160 4171 1303 4262">
     <span class='ocr_line' id='line_1_36' title="bbox 160 4171 1303 4262; baseline -0.009 -19"><span class='ocrx_word' id='word_1_306' title='bbox 160 4201 202 4244; x_wconf 87' lang='lat' dir='ltr'>an</span> <span class='ocrx_word' id='word_1_307' title='bbox 237 4201 267 4262; x_wconf 60' lang='lat' dir='ltr'>ar</span> <span class='ocrx_word' id='word_1_308' title='bbox 287 4175 566 4260; x_wconf 90' lang='lat' dir='ltr'>Pythagoreorum</span> <span class='ocrx_word' id='word_1_309' title='bbox 598 4175 770 4259; x_wconf 90' lang='lat' dir='ltr'>disciplina</span> <span class='ocrx_word' id='word_1_310' title='bbox 807 4174 982 4256; x_wconf 87' lang='lat' dir='ltr'>imaginem</span> <span class='ocrx_word' id='word_1_311' title='bbox 1016 4171 1204 4256; x_wconf 89' lang='lat' dir='ltr'>sumpserit,</span> <span class='ocrx_word' id='word_1_312' title='bbox 1237 4171 1303 4234; x_wconf 87' lang='lat' dir='ltr'>sive</span> 
     </span>
    </p>
   </div>
   <div class='ocr_carea' id='block_1_4' title="bbox 158 4331 371 4338">
    <p class='ocr_par' dir='ltr' id='par_1_8' title="bbox 158 4331 371 4338">
     <span class='ocr_line' id='line_1_37' title="bbox 158 4331 371 4338; baseline 0.005 -3"><span class='ocrx_word' id='word_1_313' title='bbox 158 4331 200 4338; x_wconf 69' lang='lat' dir='ltr'><em>u-.-</em></span> <span class='ocrx_word' id='word_1_314' title='bbox 212 4331 264 4337; x_wconf 66' lang='grc'>...-</span> <span class='ocrx_word' id='word_1_315' title='bbox 270 4333 276 4335; x_wconf 93' lang='grc'>-</span> <span class='ocrx_word' id='word_1_316' title='bbox 282 4331 328 4336; x_wconf 36' lang='grc' dir='ltr'>...ἡ</span> <span class='ocrx_word' id='word_1_317' title='bbox 332 4331 359 4336; x_wconf 49' lang='grc' dir='ltr'><em>Δ...</em></span> <span class='ocrx_word' id='word_1_318' title='bbox 368 4332 371 4337; x_wconf 92' lang='grc'>.</span> 
     </span>
    </p>
   </div>
   <div class='ocr_carea' id='block_1_5' title="bbox 235 4423 1002 4495">
    <p class='ocr_par' dir='ltr' id='par_1_9' title="bbox 235 4423 1002 4495">
     <span class='ocr_line' id='line_1_38' title="bbox 235 4423 1002 4495; baseline 0 -18"><span class='ocrx_word' id='word_1_319' title='bbox 235 4424 252 4492; x_wconf 88' lang='lat'>¹)</span> <span class='ocrx_word' id='word_1_320' title='bbox 273 4423 376 4492; x_wconf 85' lang='lat' dir='ltr'>Paneg.</span> <span class='ocrx_word' id='word_1_321' title='bbox 394 4445 420 4480; x_wconf 89' lang='lat' dir='ltr'>v.</span> <span class='ocrx_word' id='word_1_322' title='bbox 441 4428 475 4480; x_wconf 67' lang='lat'>26</span> <span class='ocrx_word' id='word_1_323' title='bbox 494 4443 555 4495; x_wconf 87' lang='lat' dir='ltr'>sqq.</span> <span class='ocrx_word' id='word_1_324' title='bbox 577 4427 609 4480; x_wconf 80' lang='lat' dir='ltr'>lt</span> <span class='ocrx_word' id='word_1_325' title='bbox 629 4443 688 4495; x_wconf 91' lang='lat' dir='ltr'>sqq.</span> <span class='ocrx_word' id='word_1_326' title='bbox 709 4426 742 4480; x_wconf 79' lang='lat' dir='ltr'>at</span> <span class='ocrx_word' id='word_1_327' title='bbox 763 4443 824 4495; x_wconf 87' lang='lat' dir='ltr'>sqq.</span> <span class='ocrx_word' id='word_1_328' title='bbox 845 4424 1002 4478; x_wconf 76' lang='lat' dir='ltr'>rte-183.</span> 
     </span>
    </p>
   </div>
   <div class='ocr_carea' id='block_1_6' title="bbox 232 4511 1090 4652">
    <p class='ocr_par' dir='ltr' id='par_1_10' title="bbox 232 4511 1090 4652">
     <span class='ocr_line' id='line_1_39' title="bbox 232 4511 1090 4632; baseline 0.007 -66"><span class='ocrx_word' id='word_1_329' title='bbox 232 4511 253 4582; x_wconf 77' lang='lat'>²)</span> <span class='ocrx_word' id='word_1_330' title='bbox 273 4513 350 4582; x_wconf 83' lang='lat' dir='ltr'>Eleg.</span> <span class='ocrx_word' id='word_1_331' title='bbox 371 4514 450 4568; x_wconf 82' lang='lat' dir='ltr'>Rom.</span> <span class='ocrx_word' id='word_1_332' title='bbox 471 4515 528 4584; x_wconf 86' lang='lat' dir='ltr'>lp.</span> <span class='ocrx_word' id='word_1_333' title='bbox 549 4521 599 4568; x_wconf 79' lang='lat'>261</span> <span class='ocrx_word' id='word_1_334' title='bbox 621 4533 680 4584; x_wconf 88' lang='lat' dir='ltr'>sqq.</span> <span class='ocrx_word' id='word_1_335' title='bbox 1076 4595 1090 4632; x_wconf 38' lang='grc' dir='ltr'>,κ</span> 
     </span>
     <span class='ocr_line' id='line_1_40' title="bbox 1053 4607 1068 4652; baseline 0 0"><span class='ocrx_word' id='word_1_336' title='bbox 1053 4607 1068 4652; x_wconf 84' lang='grc'>3</span> 
     </span>
    </p>
   </div>
   <div class='ocr_carea' id='block_1_7' title="bbox 0 0 1546 4966">
    <p class='ocr_par' dir='ltr' id='par_1_11' title="bbox 0 0 1546 4966">
     <span class='ocr_line' id='line_1_41' title="bbox 0 0 1546 4966; baseline 0 0"><span class='ocrx_word' id='word_1_337' title='bbox 0 0 1546 4966; x_wconf 95' lang='lat' dir='ltr'> </span> 
     </span>
    </p>
   </div>
  </div>
 </body>
</html>
