3074 4966
522 232 550 288 in
569 231 728 288 Messallam
747 233 916 289 Tibullianc,
1251 237 1294 300 25

150 397 302 461 videatur.
350 395 412 460 Sed
435 400 602 480 praeterea
624 395 686 459 hac
709 396 744 459 in
771 418 806 459 re
830 398 1094 462 considerandum
1119 403 1181 482 est,
1206 399 1294 464 aliud

149 527 219 568 esse
243 507 348 568 metro
371 502 517 579 heroico,
541 502 627 566 aliud
651 502 794 586 elegiaco
818 525 947 567 carmen
968 525 1168 586 componere.
1208 505 1294 570 Nem

150 633 222 674 curn
240 610 404 694 epicorum
423 631 573 674 versuum
597 609 793 672 consociatio
813 609 946 692 propius
966 610 1097 675 accedat
1117 610 1158 674 ad
1176 611 1295 675 oratio-

148 739 222 781 nem
236 717 419 799 pedestrem
437 737 496 780 nec
515 715 594 779 certi
614 714 872 778 enuntiationum
889 715 1021 780 termini
1040 719 1144 782 metro
1161 715 1293 782 heroico

149 827 214 887 sint
237 823 420 914 constituti,
443 823 478 886 in
501 819 648 886 distichis
667 821 843 904 pangendis
862 820 946 886 hane
964 823 1070 905 legem
1094 823 1195 887 secuti
1218 829 1294 888 sunt

149 933 278 1014 poetae,
301 933 338 993 ut
362 928 498 1011 singulis
523 926 671 991 distichis
693 926 841 1010 singulae
865 927 1102 994 enuntiationes
1127 932 1184 993 aut
1207 934 1292 994 certe

149 1037 296 1120 singulae
331 1040 441 1118 partes
479 1036 719 1098 enuntiatorum
756 1038 987 1099 coercerentur.
1041 1032 1155 1100 Nihilo
1194 1039 1292 1101 setius

147 1142 232 1206 hanc
254 1143 363 1226 legem
386 1141 537 1206 Tibullus
560 1139 722 1224 migravit.
759 1137 837 1202 Alia
859 1144 896 1204 ut
915 1139 1082 1224 omittam,
1105 1142 1193 1206 felici
1217 1165 1294 1208 casu

140 1239 270 1314 'factum
294 1252 355 1332 est,
379 1253 417 1312 ut
438 1271 502 1313 una
525 1247 632 1330 elegia
654 1245 689 1309 in
711 1245 860 1310 menibus
884 1246 936 1330 sit,
960 1247 1108 1331 quintam
1127 1248 1198 1313 dico
1216 1249 1292 1313 libri

149 1355 293 1439 secundi,
312 1377 422 1439 quani,
444 1357 481 1418 ut
504 1351 652 1419 omnibus
677 1351 930 1416 assentientibus
949 1351 1145 1439 Gruppius1)
1168 1355 1291 1438 primus

148 1461 396 1544 demonstravit,
426 1459 648 1544 imperfectam
677 1457 829 1523 Tibullus
855 1459 996 1543 reliquit.
1051 1458 1122 1535 Quo
1151 1461 1291 1525 carmine

148 1567 286 1632 dilucide
308 1567 503 1651 perspicitur
524 1565 692 1630 Tibullum
715 1587 781 1628 non
803 1566 932 1648 ingenio
955 1565 1079 1650 potius,
1103 1569 1139 1630 ut
1160 1567 1292 1650 plurimi

147 1674 273 1756 volunt,
297 1694 394 1757 quarn
422 1677 491 1737 arte
520 1676 552 1737 11
581 1671 687 1736 studio
717 1671 871 1734 acerrimo
899 1670 934 1734 in
961 1673 1167 1737 contexendis
1194 1675 1292 1738 11111-

147 1781 207 1844 bus
231 1778 425 1844 elaborasse.
475 1779 582 1864 Atque
606 1780 641 1842 in
668 1777 729 1842 hac
753 1777 859 1860 elegia
887 1798 987 1840 unum
1015 1779 1218 1843 enuntiatum
1245 1801 1291 1844 se·

146 1885 250 1951 decim
276 1884 421 1972 11111112)
451 1886 604 1968 complet,
633 1884 717 1968 quod
747 1883 929 1966 exemplum
955 1881 1210 1968 Hertzbergium
1238 1909 1292 1951 ne-

147 1995 287 2079 glexisse
319 1993 428 2057 miror.
479 1991 585 2068 Quare
618 1992 646 2055 si
677 1991 712 2054 in
738 1990 930 2054 memoriam
958 2011 1160 2076 revocamus,
1194 2014 1291 2075 quam

147 2100 291 2165 diversae
315 2101 381 2164 sint
404 2099 487 2183 epici
511 2102 545 2162 et
568 2097 705 2182 elegiaci
724 2095 876 2161 carminis
899 2097 934 2158 in
952 2097 1097 2161 versibus
1117 2097 1290 2164 condendis
1358 2135 1361 2142 ,

148 2206 363 2290 condiciones,
390 2205 601 2288 addimusque
633 2204 669 2268 in
697 2203 777 2287 ipsis
812 2201 925 2286 elegiis
958 2203 1047 2266 illius
1081 2206 1292 2287 componendi

148 2313 275 2396 generis
300 2312 483 2396 exemplum
505 2311 653 2393 reperiri,
682 2310 739 2373 illo
762 2308 970 2392 Hertzbergii
992 2313 1199 2392 argumento,
1227 2332 1290 2394 quo

145 2419 318 2484 nonnullas
346 2419 380 2482 in
402 2417 604 2501 Panegyrico
633 2415 870 2479 enuntiationes
897 2415 995 2478 nimis
1024 2414 1196 2481 distractas
1221 2439 1291 2481 esse

146 2527 305 2609 nimisque
333 2525 541 2589 inconcinnas
570 2544 667 2606 quam
700 2543 781 2606 quae
809 2521 940 2586 Tibullo
969 2521 1086 2605 dignae
1114 2526 1192 2605 sint,
1219 2545 1290 2606 pro-

146 2632 224 2696 bare
248 2631 369 2714 studet,
391 2629 472 2694 nihil
495 2627 629 2712 probari
652 2630 902 2692 consentaneum
925 2631 984 2691 est.

235 2737 358 2800 Eodem
386 2738 424 2800 de
452 2756 569 2820 genere
599 2736 687 2817 sunt,
715 2755 796 2817 quae
819 2731 974 2818 BachiuS,
997 2732 1154 2818 Wiesius,
1176 2733 1289 2798 F'ranc.

147 2841 310 2906 Teufelius
339 2842 380 2905 ad
408 2842 601 2905 sententiam
625 2862 718 2904 suam
745 2839 1017 2924 comprobandam
1048 2845 1289 2924 congesserunt.

146 2949 191 3012 Et
214 2944 387 3032 Baebiusl)
417 2947 545 3031 quidem
572 2946 612 3011 ad
635 2946 830 3031 Panegyrici
855 2968 885 3010 v.
908 2945 950 3010 28
974 2945 1109 3010 adnotat
1137 2945 1189 3010 ‘rt
1213 2967 1289 3011 uem

146 3055 194 3118 ibi
216 3054 297 3118 mire
320 3053 441 3137 frigere
469 3057 502 3118 et
529 3052 656 3137 saepius
681 3051 814 3118 redire':
837 3073 867 3117 v.
890 3051 942 3116 35.
965 3051 1018 3116 45.
1041 3052 1093 3116 54.
1119 3053 1190 3116 107.
1216 3053 1288 3116 121.

152 3159 309 3226 151.183.
340 3159 387 3224 Α1
405 3159 465 3224 hoc
481 3160 589 3243 ipsum
604 3157 711 3224 ‘nam'
730 3166 764 3223 in
782 3158 1121 3243 duodequinquaginta
1140 3157 1287 3222 distichis

148 3265 270 3350 elegiae
294 3266 452 3330 secundae
474 3266 552 3329 libri
571 3265 668 3347 primi
690 3269 741 3330 ter
758 3267 901 3348 positum
924 3268 987 3346 est,
1009 3285 1069 3328 nec
1094 3264 1187 3328 video
1211 3264 1289 3347 quid

146 3356 277 3436 tandem
300 3373 335 3436 in
358 3393 396 3437 eo
420 3370 607 3435 offensionis
632 3370 683 3434 111.
722 3369 755 3433 N
757 3390 792 3433 ec
815 3371 987 3454 quicquam
1009 3369 1165 3435 momenti
1187 3369 1288 3452 hebet

146 3479 407 3543 coniunctionrnn
435 3476 541 3560 copia,
569 3497 665 3561 quarn
688 3474 865 3562 Wiesius4)
893 3477 1056 3559 vituperat
1079 3477 1114 3540 in
1139 3475 1287 3540 versibus

145 3582 197 3648 25.
221 3584 273 3648 26.
296 3584 446 3648 94-96,
472 3583 534 3648 138
550 3605 619 3667 sqq.
646 3581 706 3646 159
722 3604 791 3667 sqq.
814 3584 880 3648 205
895 3603 977 3667 sqq,
1004 3585 1176 3665 propterea
1202 3581 1287 3665 quod

145 3693 288 3773 poetam,
321 3711 393 3754 cum
425 3689 569 3754 nondum
599 3689 750 3754 idoneum
782 3711 876 3754 usum
907 3689 1043 3754 haberet
1073 3708 1133 3750 nec
1163 3687 1287 3770 ingenii

145 3796 230 3860 vires
245 3799 331 3860 esset
346 3796 564 3880 periclitatus,
580 3796 644 3879 ipsi
662 3795 752 3878 operi
769 3796 926 3879 imparem
944 3795 1116 3859 verborum
1135 3792 1285 3857 electioni

144 3906 177 3966 et
201 3901 356 3967 orationis
381 3901 631 3967 conformationi
652 3900 795 3966 nondum
818 3902 897 3967 satis
921 3902 1025 3966 facere
1047 3899 1192 3984 potuisse
1216 3898 1285 3963 reri

218 4077 237 4145 ¹)
256 4075 334 4146 Eleg.
354 4076 434 4130 Rom.
453 4076 466 4129 Ι
483 4093 510 4145 p.
530 4082 573 4130 82.

218 4164 319 4232 onie.
338 4165 377 4234 Π,
398 4170 426 4231 e,
446 4169 559 4218 er-sr.

218 4252 238 4321 ³)
257 4251 346 4322 Epist.
366 4251 426 4306 crit.
445 4270 472 4321 p.
492 4257 534 4306 35.

217 4340 238 4410 ⁴)
258 4339 276 4400 l.
296 4359 316 4394 1.
337 4359 358 4396 1.
377 4358 404 4413 p.
425 4347 466 4398 71.
